2916 4790
237 329 259 414 ⁸-
346 387 384 446 ιε
457 335 463 346 ’
544 379 1100 480 rutunmrtrucnnun

561 619 864 721 rasura
913 630 1082 706 xxvi
1193 601 1196 611 “

568 803 746 860 VULPIS
777 808 827 858 ET
852 808 1068 860 CICONIA·

345 912 476 1026 Nutu
489 955 695 1032 nocendum,
711 950 821 1036 siquis
836 973 913 1017 vcro
931 955 1076 1038 laeserit,
1093 1011 1097 1018 .
1136 965 1138 970 '

343 1065 552 1129 Multandum
564 1061 665 1126 simili
676 1043 765 1143 idre,
780 1063 899 1125 fabella
915 1064 1076 1126 admonet.
1103 1083 1108 1096 ¹

384 1171 434 1230 Ad
450 1187 585 1231 coenant
600 1164 715 1249 Vulpis
733 1165 852 1228 dicitur
865 1165 1034 1230 ciconiam

345 1275 438 1338 Prior
449 1273 614 1352 invitasse,
633 1281 665 1335 et
681 1270 731 1334 illi
746 1271 782 1334 in
798 1281 916 1355 patena
926 1270 1085 1352 liquidam

344 1381 491 1444 Posuisse
502 1377 736 1458 sorbitionem,
755 1397 855 1456 quam
868 1378 960 1439 nullo
976 1377 1075 1440 modo

344 1488 481 1547 Gustare
495 1480 638 1544 esuriens
655 1475 796 1560 potuerit
809 1475 952 1540 Ciconia.

345 1591 437 1672 Quae
447 1587 592 1665 Vulpem
605 1603 679 1645 curn
692 1590 886 1662 revocasset,
905 1578 1018 1643 intrito
1033 1580 1105 1644 cibo

344 1695 478 1756 Plenam
490 1693 642 1774 lagonam
655 1688 782 1770 posuit:
797 1687 875 1752 huic
889 1698 1030 1752 rostrum
1045 1687 1185 1754 inserens

344 1799 484 1864 Satiatur
501 1797 589 1877 ipsa,
600 1802 632 1858 et
644 1799 772 1873 torquet
784 1793 957 1856 convivam
971 1795 1069 1857 lame.

344 1905 437 1986 Quae
456 1921 530 1962 cum
542 1896 680 1986 lagonae
699 1899 821 1962 collum
836 1900 955 1964 frustra
973 1902 1146 1982 lamberet,
1248 1923 1285 1964 ro

343 2001 552 2085 Peregrinam
566 2000 614 2062 sie
624 2001 766 2061 locutam
780 1999 947 2062 volucrem
965 2000 1164 2080 accepimus:

343 2105 408 2168 Sua
424 2105 560 2186 quisque
572 2106 720 2187 exempla
733 2105 829 2168 debet
844 2124 949 2186 aequo
962 2105 1072 2170 animo
1082 2105 1158 2191 pati.

545 2305 848 2379 rasura
898 2275 1086 2383 xxvii.

416 2483 551 2555 CANIS,
572 2485 622 2537 ΕΤ
643 2485 888 2554 TstnURUS,
907 2487 955 2538 ET
977 2484 1213 2542 VULTURIUS·

343 2593 463 2708 Hinc
479 2657 529 2700 res
543 2636 649 2699 avaris
667 2657 734 2698 esse
753 2619 950 2700 conieniens
965 2648 1088 2720 potest,
1178 2650 1188 2684 t

343 2745 382 2808 Et
394 2742 452 2823 qui
462 2739 602 2802 humiles
622 2740 709 2820 nati,
727 2741 793 2802 dici
803 2741 982 2822 locupletes
996 2745 1137 2838 student.

382 2851 535 2910 Humana
552 2842 709 2943 effodiens
725 2865 809 2926 ossa,
825 2849 1011 2910 thesaurum
1025 2849 1120 2912 Canis

253 2955 256 2964 ’
342 2951 489 3024 Invenit3
502 2959 532 3011 et
546 2948 684 3010 violarat
694 2949 771 3027 quia
783 2953 895 3013 Manes
910 2953 1012 3034 Deos,

341 3056 464 3136 Iniecta
477 3065 524 3116 cst
540 3051 590 3114 illi
608 3052 795 3114 divitiarum
811 3056 992 3136 cupiditas,

342 3161 466 3222 Poenas
480 3170 515 3218 ut
526 3171 654 3240 sanctae
667 3157 818 3242 religioni
835 3161 1001 3240 penderet.
1061 3229 1063 3240 ,

341 3268 457 3344 ltaque
471 3287 587 3328 aurum
604 3269 682 3329 dum
696 3265 849 3347 custodit,
869 3267 989 3330 oblitus
1006 3265 1083 3348 cibi,

341 3373 440 3436 Fame
451 3383 498 3432 est
509 3359 705 3433 consumtus.
724 3375 828 3454 Quem
845 3383 931 3435 stans
945 3373 1114 3438 Vulturius
1125 3387 1223 3456 super·

342 3475 455 3538 Fertur
473 3476 615 3536 locutus:
629 3477 659 3535 0
672 3474 785 3553 Canis,
806 3476 922 3539 merito
934 3477 1037 3559 iaces,
1272 3455 1274 3462 ,

341 3579 410 3661 Qui
422 3570 602 3658 concupisti
619 3579 726 3640 subito
742 3585 864 3665 regales
881 3601 977 3664 opes,
1252 3599 1289 3643 10

341 3682 454 3748 Trivio
467 3693 660 3768 conceptus,
678 3697 710 3746 et
723 3685 879 3758 educatus
898 3702 1044 3768 stercore·
1115 3705 1119 3712 ·

395 3995 405 4026 Ι
