2848 4792
348 539 349 546 ,
452 469 768 540 FABULAE
1027 494 1084 554 rm

123 623 197 686 Sed
208 597 383 704 postquam
394 638 509 683 curvas
521 618 691 682 dominum
705 616 939 700 comprendere
950 614 1048 680 falces
1053 661 1064 694 ,

168 731 337 818 Frugibus
352 741 383 793 et
395 726 617 792 veram'seusit
626 729 737 790 adesse
751 745 902 787 manumt

43 846 49 864 '
123 842 233 901 Nunc
243 839 305 920 ait,
322 857 343 900 o
361 835 485 916 miseri,
504 835 622 898 dilecta
640 832 815 913 relinquite
831 850 928 913 rura,
1037 871 1040 877 -

172 952 264 1022 Cum
280 968 371 1029 spem
385 949 426 1008 de
440 944 582 1028 propriis
597 942 722 1006 viribus
734 942 793 1042 ille
805 940 895 1024 petit

358 1139 866 1250 rnsuunxxlu

346 1317 547 1374 lukus
574 1318 629 1369 ET
656 1315 875 1370 curt-Dus·
987 1391 991 1404 ,

123 1437 277 1549 Iurrrrn
288 1486 456 1572 ambiguas
467 1485 640 1549 hominum
649 1487 851 1572 praediscere
864 1494 1005 1566 mentes,

165 1599 224 1658 Ad
238 1609 337 1662 terras
348 1603 516 1664 Phoebum
527 1601 615 1666 misit
629 1601 755 1688 abarce
772 1599 851 1682 poli.

46 1778 47 1788 ,
120 1703 226 1764 Tunc
236 1705 303 1764 duo
315 1705 451 1768 diversis
462 1711 638 1788 poscebant
652 1708 788 1770 numina
801 1705 904 1767 votis:

166 1811 320 1887 Namque
333 1811 415 1872 alter
429 1812 581 1892 cupidus,
599 1813 731 1876 invidus
740 1817 822 1875 alter
831 1822 911 1874 erat.

123 1920 191 1984 His
205 1941 274 1980 sese
285 1919 432 1981 medium
445 1920 561 2002 Titan,
578 1934 737 1984 scrutatus
756 1933 946 2000 utrumque,
1064 1913 1083 1977 5

169 2029 321 2110 Obtulit,
341 2039 372 2092 et
391 2030 590 2113 precibusut
603 2040 784 2114 peteretur,
802 2031 867 2110 ait,
903 2105 906 2112 ⁴

122 2124 312 2196 Praestabit
324 2135 445 2200 facilis:
464 2156 542 2200 nam
555 2159 639 2219 quae
653 2136 831 2220 speraverit
843 2153 945 2216 unus,

167 2237 322 2302 Protinus
339 2242 420 2304 haec
431 2243 514 2303 alter
526 2242 754 2328 congeminata
771 2241 862 2302 feret.

122 2327 193 2408 Sed
206 2346 259 2408 cui
271 2348 372 2430 longa
384 2347 476 2408 iecur
491 2362 630 2428 nequeat
641 2347 758 2410 satiare
771 2346 906 2427 cupido,

169 2451 304 2514 Distulit
320 2455 466 2515 admotas
478 2453 514 2515 in
527 2473 612 2516 nova
625 2457 746 2516 damna
761 2473 888 2536 preces3
1044 2464 1082 2508 1⁰

122 2559 226 2639 Spem
239 2557 304 2619 sibi
320 2555 487 2620 confidens
505 2555 613 2621 alieno
630 2577 771 2636 crescere
786 2570 879 2643 voto,

167 2657 274 2742 Seque'
286 2671 375 2726 'ratus
387 2667 493 2727 solum
508 2680 647 2730 munera
662 2668 747 2731 ferre
762 2670 840 2729 duo.

120 2765 187 2826 Ille
200 2765 260 2827 ubi·
269 2778 454 2849 captantem
469 2771 595 2834 socium
608 2791 668 2834 sua
680 2773 827 2854 praemia
837 2772 940 2854 vidit,

162 2869 376 2952 Supplicium
387 2875 514 2957 proprii
525 2879 672 2960 corporis
688 2888 779 2961 optat
793 2898 905 2940 ovans.

120 2980 210 3069 Nam
218 2979 300 3062 petit
313 2969 487 3044 exstinctus
503 2993 540 3044 ut
554 2964 680 3048 lumine
692 2989 825 3070 degeret
837 3003 920 3070 uun,
1041 2981 1077 3048 15

162 3094 256 3153 Alter
266 3101 322 3172 ut,
331 3093 394 3155 hoc
407 3093 595 3176 duplicans,
613 3097 702 3160 vivat
713 3106 853 3176 utroque
865 3112 988 3161 carens·

120 3197 219 3261 Tunc
237 3210 357 3262 sortem
371 3199 500 3284 sapiens
513 3205 695 3269 humanam
710 3203 778 3268 risit
790 3207 926 3288 Apollo,
954 3251 958 3266 t

163 3306 378 3389 huidiaeque
391 3311 516 3372 malum
528 3311 638 3374 retulit
652 3312 730 3374 inde
743 3313 832 3391 Iovi3
910 3339 920 3355 ·

125 3409 219 3493 Quae
233 3414 311 3476 dum
323 3417 489 3496 proventis
498 3419 637 3482 aliorum
651 3424 772 3508 gaudet
786 3422 924 3508 iniquis,

165 3515 297 3580 Laetior
309 3515 425 3585 infelix
439 3532 472 3588 et
485 3543 543 3590 sua
558 3527 679 3612 damna
694 3526 793 3613 cupit.
1036 3544 1076 3604 ao
1129 3619 1135 3630 Ι
