2848 4792
333 399 372 481 ἢ,
635 382 1037 464 Arrunurx‘

579 598 885 708 rnn‘unn
938 639 1041 710 νυ.

486 821 630 876 GALLI
656 823 751 874 DUO
780 822 837 872 ET
864 821 1136 875 ACCIPITER.

333 939 488 1053 Guneus
501 1005 575 1044 cum
589 985 685 1044 Gallo
700 1003 795 1071 scepe
811 1001 958 1066 pugnarn
975 998 1166 1066 conserens,
1261 1019 1264 1029 ·

330 1088 526 1170 Accipitrem
543 1089 646 1152 victus
663 1090 804 1152 iudicem
823 1085 897 1162 litis'
907 1091 997 1173 petit.

329 1195 407 1270 Hic,
423 1197 559 1261 ambosi
574 1198 740 1278 venirent,
756 1209 863 1262 mente
876 1199 1019 1282 concipit

330 1303 427 1383 Spem
438 1306 634 1386 devorandi,
651 1307 708 1387 qui
719 1307 884 1400 exhiberet
895 1329 929 1370 se
943 1309 1043 1390 prior.

328 1408 407 1468 Mox
421 1429 496 1470 cum
513 1410 651 1486 venisse,
672 1432 801 1476 causam
818 1423 853 1474 ut
867 1422 996 1474 orarent
1008 1433 1115 1496 suam,
1153 1463 1156 1470 ,
1261 1414 1281 1476 6

287 1489 292 1496 ”
328 1511 436 1590 Vidit,
451 1503 624 1595 prehendit
640 1517 734 1579 illurn
743 1564 753 1598 ,
768 1520 825 1598 qui
843 1520 968 1602 primus
980 1519 1089 1582 forum

263 1597 266 1601 ¹
328 1614 469 1678 Deduxit
481 1622 523 1680 ad
535 1641 629 1682 suum
643 1622 743 1683 litem.
763 1625 822 1687 Ille
837 1626 1020 1688 clamitans:

328 1719 376 1777 Ne
389 1720 513 1799 plectar
527 1742 605 1808 ego,
618 1727 676 1785 sed
689 1725 762 1807 ille,
780 1731 837 1808 qui
849 1731 958 1815 fugam
973 1732 1063 1813 petit.

328 1821 389 1880 Cui
403 1825 483 1885 ales:
501 1827 608 1888 Hodie
625 1838 711 1890 nete
728 1835 839 1895 credas
855 1829 1026 1923 unguibus

327 1929 422 1989 Posse
437 1929 519 2013 cripi
535 1932 631 2009 meis3
654 1956 735 2016 quos
754 1939 848 2002 alteri
869 1945 960 2007 dolos
1128 2020 1131 2023 ,

326 2035 511 2118 Tendebas,
526 2058 667 2119 aequum
679 2053 710 2104 te
724 2065 813 2130 nnuc
830 2055 874 2108 est
886 2046 994 2130 ipsum
1007 2049 1085 2130 pati.
1134 2113 1139 2123 ,

367 2143 433 2226 Qui
448 2165 544 2230 saepe
560 2158 673 2212 tractat
685 2151 825 2216 aliorum
839 2177 948 2220 secum
966 2181 1095 2244 necem,

229 2304 231 2310 ,
324 2251 457 2338 Ignorat
465 2298 479 2337 ,Ἴ
489 2235 578 2320 triste
592 2258 672 2339 quid
684 2260 746 2324 sibi
765 2263 866 2328 latum
884 2279 986 2350 paret.

550 2469 635 2541 FJA
661 2471 748 2590 nu
775 2473 859 2546 LA
909 2477 1042 2549 V111.

478 2698 480 2704 .
540 2649 758 2704 COCHLEA
788 2655 842 2705 ET
868 2656 1055 2710 SIMIUS.

324 2763 471 2874 Anonr
486 2820 568 2878 lacta
581 2817 705 2899 speculi
717 2818 843 2884 inventi
856 2823 1015 2904 Cochlea,

321 2918 487 3006 Fulgenlis
501 2926 613 2986 orbern
626 2929 799 3009 scandens,
814 2929 920 3012 coepit
932 2932 1074 3017 lingere,

320 3025 374 3087 Nil
388 3026 437 3088 illi
451 3029 567 3092 melius
584 3032 757 3097 contulisse
771 3057 804 3097 se
817 3048 949 3119 putans,

321 3132 428 3212 Quam
441 3131 468 3194 si
479 3136 687 3215 splendorem
699 3144 950 3206 commacularet
962 3145 1121 3212 sordibus.

320 3237 580 3326 Ulinquinatum
594 3247 675 3308 vidit
688 3252 856 3332 speculum
871 3253 1004 3319 Simiusz
1060 3325 1063 3332 ,

320 3343 387 3426 Qui
400 3364 434 3406 se
449 3349 567 3409 calcari
588 3351 706 3416 talibus
723 3358 922 3442 permiserit,

319 3449 478 3529 Meretur,
494 3449 617 3534 inquit,
631 3458 692 3518 lale
707 3455 847 3527 dedecus
861 3465 938 3546 pati.

358 3554 448 3614 Haec
460 3552 524 3616 illis
539 3567 584 3618 est
597 3558 717 3620 labella
733 3567 852 3650 scripta
867 3569 1014 3653 feminis,

317 3655 439 3740 ineptis
456 3677 583 3740 quaese
595 3662 736 3754 iungunt
754 3683 784 3734 et
797 3673 902 3738 stultis
917 3675 1005 3738 viris.
