2916 4790
390 433 392 440 ⁴
481 416 777 482 LIBEllll.
921 465 923 470 -
1068 447 1104 491 ar

140 559 247 620 Tunc
264 556 310 620 sio
321 555 479 639 Aesopus:
500 556 576 620 Noli
589 579 700 622 coram
716 560 866 642 pluribus

141 665 223 725 Hoc
239 663 347 732 facere
362 660 513 740 canibus,
525 683 568 724 ne
579 683 639 728 nos
654 665 747 727 vivos
762 668 935 752 devorent,
1085 671 1106 734 6

143 769 238 827 Cum
253 764 384 828 scierint
400 784 468 827 esse
487 766 550 827 tale
568 765 686 847 culpae
701 767 896 848 praemium.

190 870 365 952 Successus
379 867 608 950 improborum
623 869 735 949 plures
750 867 863 932 allicit.

422 1071 449 1140 F
473 1068 506 1140 A
530 1069 558 1140 B
581 1069 614 1140 U
638 1070 669 1140 L
690 1067 723 1139 A
771 1071 843 1149 IV.

317 1231 529 1308 AQUILA,
556 1231 704 1286 rrius
731 1233 787 1286 ur
814 1235 951 1288 Arar.

147 1344 315 1460 Αριιιιι
325 1385 360 1448 in
372 1386 509 1450 sublimi
521 1409 642 1468 quercu
658 1389 775 1454 nidum
792 1392 929 1457 fecerat:

144 1494 244 1556 Feles
260 1511 435 1554 cavernam
451 1503 547 1556 nacta
561 1494 598 1556 in
610 1494 719 1556 media
737 1506 927 1580 pepererat:

142 1603 210 1666 Sus
228 1600 479 1666 nemoricultrix
497 1603 600 1666 fetum
621 1604 777 1668 adimam
794 1613 955 1688 posuerat.

144 1709 238 1768 Tum
256 1706 429 1772 fortuitum
443 1710 534 1773 Feles
548 1709 802 1774 contubernium
902 1776 905 1784 ,

145 1813 281 1872 Fraude
299 1821 331 1872 et
348 1813 482 1882 scelesta
496 1812 544 1875 sic
559 1813 676 1876 evertit
691 1811 825 1876 malitie.
1089 1811 1106 1874 5

107 1905 109 1910 ¹
146 1918 202 1978 Ad
217 1915 335 1978 nidum
348 1915 476 1979 scandit
489 1917 648 1981 volucris:
670 1917 851 1998 Pernicies,
870 1915 933 2000 ait,

147 2019 232 2081 Tibi
253 2029 402 2103 paratur,
417 2021 527 2085 forsan
540 2031 572 2084 et
585 2023 722 2086 miserae
739 2023 838 2086 mihi:

149 2127 240 2186 Nam
251 2123 363 2189 fodere
373 2135 494 2190 terram
511 2129 601 2207 quod
616 2126 708 2190 vides
723 2125 872 2207 quotidie

150 2232 281 2312 Aprum
292 2229 501 2312 insidiosum,
523 2251 682 2312 quercum
696 2233 768 2307 vult
781 2240 944 2316 evertere,

152 2341 201 2400 Ut
215 2348 359 2400 nostram
368 2336 403 2399 in
417 2340 518 2420 plano
527 2337 625 2402 facile
636 2339 829 2424 progeniem
842 2338 1016 2422 opprimat·
1072 2359 1109 2402 ιο

151 2447 297 2506 Terrore
311 2437 417 2504 offuso
432 2450 463 2504 et
472 2443 670 2526 perturbatis
685 2441 850 2526 sensibus,

154 2547 292 2630 Derepit
307 2549 350 2609 ad
362 2547 470 2611 cubile
486 2557 610 2612 setosae
622 2547 709 2612 suis.

152 2657 295 2742 Magno,
312 2652 433 2735 inquit,
453 2652 491 2716 in
502 2652 628 2736 periclo
636 2663 713 2717 sunt
725 2652 795 2716 noti
809 2652 867 2717 tui.

153 2764 240 2822 Nam
252 2759 352 2821 simul
365 2756 484 2821 exieris
493 2767 625 2840 pastum
642 2779 718 2820 curn
733 2768 845 2822 tenero
861 2779 977 2847 grege,
1055 2782 1061 2798 ¹

123 2933 125 2938 ,
153 2864 277 2946 Aquila
289 2873 337 2926 est
352 2872 465 2966 parata
480 2883 596 2946 rapere
613 2864 777 2946 porcellos
792 2863 861 2928 tibi.
1074 2865 1110 2928 1⁵

154 2975 257 3034 Hunc
268 2989 399 3052 quoque
414 2969 532 3032 timore
543 2980 718 3052 postquam
732 2969 910 3055 complevit
925 2973 1050 3054 locum,

154 3080 279 3143 Dolosa
294 3086 364 3141 tuto
380 3077 528 3142 condidit
543 3098 612 3142 sese
629 3097 731 3142 cavo.

153 3189 241 3250 lude
251 3193 388 3272 evagata
401 3193 499 3248 noctu
517 3203 673 3268 suspenso
692 3187 792 3268 pede,

156 3291 226 3352 Ubi
237 3307 308 3352 esca
320 3308 355 3352 se
373 3287 513 3372 replevit
530 3297 562 3350 et
577 3290 707 3372 prolem
719 3309 830 3373 suain,

145 3395 319 3455 :Pavorem
334 3387 492 3456 simulans
510 3390 668 3474 prospicit
684 3400 753 3455 toto
770 3392 834 3456 die.
1075 3411 1114 3460 ιο
1164 3403 1167 3413 ’

159 3493 304 3558 Ruinam
318 3505 465 3560 metuens
478 3495 598 3577 Aquila
615 3495 716 3558 ramis
730 3495 872 3562 desidet:

161 3601 249 3680 Aper
265 3599 414 3683 rapinam
428 3601 536 3666 vitans
549 3621 617 3665 ιιοιι
631 3601 743 3684 prodit
758 3604 856 3668 foras.
899 3627 907 3646 ι

163 3704 251 3786 Quid
263 3707 388 3768 multa?
406 3707 517 3770 inedia
534 3717 609 3770 sunt
624 3709 787 3771 consumti
802 3729 876 3778 cum
887 3707 972 3788 suis,

163 3810 297 3892 Felique
311 3821 343 3874 et
356 3813 472 3877 catulis
489 3815 614 3900 largam
632 3817 853 3900 praebuerunt
872 3817 1000 3898 dapem·
1080 3865 1093 3892 .,
