2916 4790
471 393 673 460 hlauta
713 402 779 464 IV.

153 549 240 608 Dum
256 549 379 632 quaero
390 545 542 628 demens,
555 544 742 607 servitutem
758 544 876 626 reperi.
935 543 945 565 '

195 651 285 710 Haec
297 648 471 710 iracundos
482 647 672 710 admonebit
686 648 814 728 fabula,

153 755 294 838 Impune
306 755 414 838 potius
426 753 531 837 laedi,
549 774 648 834 quam
667 753 745 818 dedi
760 755 862 818 alteri.

310 1043 311 1048 Ν
426 955 826 1030 ennunnv.

542 1129 714 1239 P0,ETA.

154 1245 257 1356 Pius
274 1301 342 1350 esse
352 1283 467 1351 inuno
479 1259 592 1366 saepe,
606 1305 704 1364 quarn
716 1284 754 1362 in
764 1290 878 1373 turba,
890 1288 991 1373 boni,

153 1389 348 1454 Narratione
364 1389 500 1472 posteris
516 1391 642 1452 tradam
660 1389 764 1455 brevi.

193 1491 338 1575 Quidam
352 1494 511 1556 decedens
523 1501 587 1554 tres
600 1489 735 1571 reliquit
745 1491 845 1571 filias3
862 1501 865 1506 '
929 1475 959 1550 ζ

151 1599 259 1659 Unam
274 1599 467 1679 formosam,
484 1606 515 1660 et
529 1595 633 1658 oculis
647 1607 822 1660 venantem
838 1598 945 1680 viroa3

150 1703 193 1762 At
204 1703 338 1764 alteram
350 1703 514 1766 lanificam
529 1712 561 1764 ct
571 1701 675 1788 frugi,
691 1705 859 1783 rusticam
1085 1711 1104 1772 5

151 1809 314 1870 Devotam
324 1807 402 1869 vino
412 1808 557 1889 tertiam,
574 1817 608 1869 et
624 1807 852 1889 turpissimam.

151 1917 279 1977 Harum
292 1924 401 1976 autem
413 1921 552 1976 matrem
565 1913 641 1974 fecit
652 1915 806 1978 heredem
817 1923 938 2007 Senex,

151 2021 219 2080 Sub
233 2019 440 2100 conditione,
456 2027 556 2080 totam
569 2029 606 2081 ut
617 2020 782 2084 fortunam
799 2023 902 2088 tribus

150 2121 340 2208 Aequaliter
352 2121 537 2204 distribuat,
556 2127 613 2187 sed
628 2125 687 2186 tali
700 2129 819 2189 modo:

151 2225 200 2284 Ne
215 2225 290 2284 data
303 2224 505 2306 possideant,
521 2238 576 2288 aut
588 2229 752 2306 fruantur3
774 2240 858 2312 tum,
871 2232 971 2297 simul
1064 2259 1102 2302 ro

151 2330 283 2392 Habere
298 2349 349 2393 res
367 2330 535 2412 desierint,
550 2353 630 2412 quas
644 2335 846 2421 acceperint,

154 2439 298 2499 Centena
314 2435 415 2498 matri
426 2437 593 2500 conferant
609 2439 763 2502 sestertia.
855 2467 858 2474 ¹

151 2543 293 2604 Athenas
309 2562 424 2603 rumor
438 2541 563 2624 implet.
579 2545 686 2604 Mater
698 2544 813 2605 sedula

97 2653 100 2668 '
151 2647 236 2710 Iuris
245 2648 367 2730 peritos
379 2648 535 2710 consulit:
552 2667 652 2710 uerno
664 2648 813 2731 expedit,

151 2757 227 2838 Quo
238 2763 333 2836 pacto
349 2773 417 2816 non
433 2753 634 2836 possideant,
653 2757 742 2836 quod
753 2755 989 2846 fueritdatum,
1065 2768 1102 2850 ri

151 2861 346 2923 Fructumve
360 2859 507 2940 capiant:
521 2859 658 2941 deinde,
671 2881 755 2941 quae
769 2863 903 2929 tulerint
913 2865 1017 2951 nihil,

152 2966 305 3048 Quanam
317 2961 444 3024 ratione
463 2962 633 3054 conferant
645 2963 829 3044 pecuniam.

151 3067 327 3145 Postquam
342 3074 510 3126 consumta
526 3074 574 3127 est
589 3062 745 3145 temporis
758 3065 852 3150 longi
868 3086 980 3153 mora,
1077 3114 1078 3119 η
1183 3131 1186 3138 ,

152 3173 219 3233 Nec
230 3170 412 3234 testamenti
426 3170 533 3252 potuit
548 3191 660 3240 sensus
673 3171 804 3260 colligi,

151 3277 265 3338 Fidem
281 3275 469 3356 advocavit,
487 3276 560 3338 iure
576 3277 741 3361 neglecto,
763 3287 893 3357 parens.
960 3328 961 3337 ,
1055 3299 1098 3346 ao

152 3357 287 3460 Seponit
296 3383 451 3442 moechae
461 3387 597 3461 vestem,
613 3381 775 3440 mundum
789 3378 996 3472 muliebrem,

152 3477 362 3540 Lavationem
372 3490 581 3566 argenteam,
595 3480 778 3560 eunuchos,
789 3481 935 3564 glabros:

153 3577 316 3640 Lanificae
328 3582 466 3664 agellos,
479 3601 617 3666 pecora,
630 3581 761 3658 villam,
779 3584 961 3669 operarios,
1010 3579 1012 3584 ’

127 3693 129 3706 “
154 3687 273 3756 Boves,
290 3683 453 3764 iumenta,
470 3692 501 3742 et
513 3683 766 3746 instrumentum
783 3685 958 3748 rusticum:

153 3789 274 3854 Potrici
286 3792 416 3874 plenam
427 3787 569 3870 antiquis
577 3794 771 3873 apothecam
786 3789 892 3872 cadis,
1059 3795 1101 3856 αθ

820 3989 823 3996 “
862 4003 867 4032 r
