2916 4790
344 483 384 532 ιι
543 461 766 527 cunnum
786 458 1091 522 rnuunnnun

577 702 606 772 F
630 698 661 770 A
686 699 773 818 B.U
798 700 827 770 L
851 696 883 769 Α
931 697 1054 769 XVI.

606 877 788 932 cnnvus
816 878 873 928 rr
902 841 1025 928 ovrs.
1121 914 1123 920 .

271 1108 278 1124 κ
343 997 1079 1109 anonlr'onhomiuemcumvooatsponsum
1087 1025 1293 1111 improbum,

342 1143 417 1203 Non
432 1161 503 1200 rem
515 1137 684 1219 expedire,
705 1139 762 1200 sed
778 1137 902 1198 malum
922 1137 1000 1196 dare
1017 1115 1147 1216 expetii.

383 1248 489 1306 Ovem
505 1245 639 1330 rogabat
652 1245 774 1306 Cervus
788 1241 936 1304 modium
947 1238 1062 1321 tritici,

344 1349 438 1430 Lupo
451 1367 615 1428 sponsore.
630 1350 671 1409 At
683 1346 741 1410 illa
759 1354 983 1428 praemetuens
1002 1345 1133 1409 dolum:

343 1457 471 1536 Rapere
484 1461 580 1532 atque
596 1453 687 1516 abire
699 1472 830 1534 semper
841 1447 988 1514 adsuevit
1003 1451 1129 1534 Lupus3
1274 1451 1293 1512 5

259 1555 262 1566 ⁴
343 1561 393 1621 'Fu
410 1561 450 1619 de
468 1567 642 1639 conspectu
655 1557 769 1642 fugere
786 1553 892 1616 veloci
908 1552 1052 1635 impetu:

345 1660 410 1723 Ubi
421 1680 479 1725 vos
497 1659 682 1742 requiram,
701 1675 776 1722 cum
797 1645 867 1722 dies
882 1657 1074 1722 advenerit?

565 1843 1066 1956 rasurarum

450 2036 452 2040 ’
537 2009 1105 2098 ovrs,cnu1sernurus.

346 2135 486 2250 Souur
499 2183 670 2244 mendaces
686 2181 777 2244 luere
794 2199 917 2263 poenas
933 2173 1081 2249 malefici.
1103 2199 1120 2221 κ

385 2284 610 2348 Calumniator
627 2288 669 2348 ab
687 2287 758 2349 Ore
774 2309 849 2350 cum
864 2295 987 2370 peteret
999 2281 1112 2366 Canis,

346 2389 453 2470 Quem
468 2388 710 2450 commendasse
724 2403 844 2470 panem
858 2409 893 2450 se
905 2389 1132 2464 contenderem

162 2471 166 2480 Ι
189 2495 192 2502 ’
305 2561 307 2566 ,
345 2493 475 2574 Lupus,
494 2491 609 2556 citatus
627 2491 731 2575 testis,
751 2514 818 2556 non
832 2515 937 2584 unum
955 2494 1055 2556 modo

344 2597 472 2660 Debere
488 2597 585 2679 dixit,
606 2620 721 2662 verum
736 2595 910 2685 affirmavit
928 2599 1050 2664 decem.
1274 2600 1292 2662 6

325 2790 326 2794 ¹
346 2699 444 2783 Ovis,
464 2703 616 2764 damnata
634 2705 715 2767 falso
733 2705 934 2787 testimoni0,

275 2875 277 2881 s
347 2807 445 2886 Quod
455 2826 523 2870 non
539 2809 695 2890 debebat,
711 2811 817 2873 solvit.
839 2815 913 2875 Post
925 2830 1045 2894 paucos
1057 2811 1125 2874 dies

346 2909 464 2976 Bidens
482 2911 641 2976 iacentem
657 2913 693 2974 in
708 2915 802 2978 fovea
819 2918 984 3000 prospexit
997 2920 1142 3000 Lupum:

345 3018 450 3099 Haec,
464 3016 591 3100 inquit,
604 3039 727 3086 merces
742 3021 866 3086 fraudis
882 3042 902 3084 a
924 3023 1054 3107 Superis
1069 3026 1174 3086 datur.

561 3193 1077 3279 ranunnxvnr

549 3381 742 3436 MULIER
767 3385 1096 3448 PARTURIENS.

346 3488 472 3605 Nemo
485 3532 624 3598 libenter
637 3536 767 3620 recolit,
785 3539 843 3620 qui
854 3538 960 3620 laesit,
981 3542 1105 3602 locum.

385 3641 527 3704 Instante
541 3650 652 3723 partu,
668 3641 801 3726 mulier,
815 3646 893 3709 actis
909 3646 1090 3729 mensibus,

345 3745 446 3808 Humi
458 3747 599 3829 iacebat,
621 3748 743 3812 flebiles
754 3751 893 3836 gemitus
910 3752 1006 3816 ciens.

345 3847 405 3916 Vir
418 3861 465 3916 est
476 3853 637 3934 hortatus,
655 3871 771 3936 corpus
789 3856 872 3917 lecto
886 3855 1060 3936 reciperet,
