2848 4792
309 431 347 496 sa
464 430 652 496 rutrum
670 395 927 492 rnuucnnuu
947 431 1023 495 nu
1040 433 1098 498 1v.

305 581 358 642 Ad
368 600 502 642 coenam
521 579 603 642 mihi
615 578 783 662 promitte:
799 593 953 667 cognatos
966 587 1044 646 volo
1068 583 1076 592 ’
1215 589 1254 666 ad

307 683 416 746 Hodie
428 682 582 761 invitare,
603 701 743 760 quorum
757 704 791 744 es
801 685 840 744 'in
856 705 994 748 numero
1009 686 1101 750 mibi.

306 789 484 848 Fraudatus
503 775 666 884 quamvis,
680 799 710 847 et
726 789 840 850 dolens
853 788 991 872 iniuria,

304 895 353 955 Ne
364 898 448 956 male
462 894 612 958 dimissus
627 895 766 978 gratiam
784 905 1022 979 corrumperet,

304 1001 466 1064 Promisit.
483 1003 592 1065 Rediit
607 1004 688 1063 horai
706 1001 792 1064 dicta
802 1049 811 1084 ‚
823 1005 983 1066 recubuit.

207 1119 212 1142 .
303 1109 501 1191 Splendebat
517 1110 621 1174 hilare
637 1111 762 1192 poculis
779 1104 982 1191 convivium

303 1215 426 1298 Magno
439 1225 595 1297 apparatu
610 1217 695 1278 laeta
711 1221 882 1292 resonabat
898 1219 1030 1280 domus:

303 1323 378 1384 Duo
396 1341 470 1384 cum
484 1303 616 1405 repente
634 1325 781 1405 iuvenes,
797 1327 900 1406 sparsi
914 1329 1064 1411 pulvere,

302 1426 427 1488 Sudore
437 1429 541 1490 multo
559 1429 757 1509 diffluentes,
775 1452 913 1513 corpore

303 1531 491 1592 Humanam
504 1553 603 1612 supra
616 1534 772 1616 formam,
793 1537 923 1600 cuidam
939 1539 1071 1600 servulo

303 1634 475 1712 Mandant,
494 1648 530 1696 ut
541 1639 583 1697 ad
594 1632 628 1699 se
644 1651 799 1719 provocet
815 1642 1033 1720 Simonidem,
1210 1643 1246 1704 25

302 1733 395 1796 Illius
406 1735 573 1817 interesse,
592 1760 635 1801 ne
650 1741 747 1804 faciat
765 1765 902 1806 moram.

302 1838 412 1899 Homo
425 1844 631 1920 perturbatus
649 1845 767 1906 excitat
781 1847 995 1909 Simonidem.

301 1940 412 2004 Unum
429 1957 595 2025 promorat
610 1948 665 2009 vix
680 1951 797 2030 pedem
813 1950 972 2033 triclinio,

301 2047 417 2120 Ruina
429 2070 577 2115 camarae
590 2056 699 2116 subito
715 2058 873 2140 oppressit
889 2069 1028 2136 ceteros3
1215 2145 1216 2148 Ἴ

300 2147 366 2208 Nec
380 2149 440 2210 ulli
456 2150 590 2214 iuvenes
602 2171 677 2216 sunt
696 2158 817 2238 reperti
836 2161 879 2222 ad
894 2160 1038 2222 ianuam.
1206 2163 1245 2224 30

300 2255 344 2316 Ut
355 2265 402 2318 est
413 2259 562 2344 vulgatus
577 2265 659 2323 ordo
675 2273 823 2328 narratae
839 2263 904 2348 rei,
962 2347 965 2350 Ι

301 2361 422 2422 Omnes
435 2364 594 2448 scierunt,
609 2368 787 2437 Nominum
804 2365 1021 2452 praesentiam

253 2480 256 2494 .
299 2462 376 2530 Vati
389 2465 513 2539 dedisse
531 2468 634 2532 vitam
653 2473 811 2536 mercedis
829 2475 913 2536 loco.

503 2600 981 2726 'neruosas

298 2767 444 2880 Annae
457 2832 631 2902 supersunt
645 2827 763 2909 multa,
781 2849 865 2909 quae
879 2829 999 2911 possim
1012 2828 1121 2912 loqui,

296 2920 337 2980 Et
355 2921 484 3003 copiosa
503 2929 647 2996 abundat
663 2951 773 2994 rerum
790 2933 944 3012 varietas3

296 3022 359 3082 Sed
376 3031 572 3108 temperatae
587 3049 701 3097 suaves
716 3045 790 3097 sunt
807 3035 970 3120 argutiae,

198 3119 200 3126 ’
295 3127 495 3194 Immodicae
509 3129 688 3201 offendunt.
708 3141 835 3224 Quare,
852 3139 903 3202 vir
918 3140 1132 3225 sanctissime,

188 3303 192 3318 Ι
295 3229 472 3308 Particulo,
490 3237 607 3299 chartis
623 3259 744 3302 nomen
763 3240 925 3312 victurum
944 3237 1045 3324 meis,
1219 3245 1237 3305 6

294 3333 418 3412 Latinis
433 3338 511 3398 dum
530 3327 674 3404 manebit
688 3345 828 3423 pretium
843 3345 963 3425 literis,

293 3433 327 3498 Si
342 3439 408 3502 non
423 3421 607 3520 ingenium,
625 3451 711 3502 certe
728 3444 919 3514 brevitatem
934 3449 1096 3528 approba,

294 3543 387 3624 Quae
400 3540 623 3602 commendari
642 3551 731 3604 tanto
747 3548 841 3610 debet
855 3549 987 3632 iustius,

295 3645 428 3728 Quanto
445 3645 562 3707 Poetae
577 3658 652 3711 sunt
670 3633 796 3713 molesti
817 3652 967 3721 validius.
998 3641 1010 3664 '

640 3831 880 3858 mun-n-
992 3859 996 3866 ,
