2750 4782
322 395 749 524 ’-ΕΑΒυιηΝ
990 418 1052 490 an

91 559 166 622 Cui
180 579 239 624 sua
255 573 322 622 non
335 557 484 639 sapiunt,
498 557 598 620 alieni
619 559 750 620 sedulus
767 519 887 640 auceia
1015 560 1052 618 15

140 668 241 751 Quod
253 685 321 728 non
332 675 377 726 est
388 663 535 745 rapiens,
551 660 669 724 desinit
687 683 754 726 csse
771 663 861 741 quod
874 665 934 726 est.

291 851 591 923 Fannia
640 851 866 926 xxxvl.

285 1027 346 1078 DE
374 1025 532 1078 Musca
559 1026 616 1078 ET
642 1029 879 1084 Fonnsscs«

95 1148 248 1264 Musei
259 1213 393 1258 movens
404 1193 475 1257 lites
485 1192 665 1288 Formicam
675 1214 756 1258 voce
769 1195 903 1282 fatigat,

143 1298 184 1362 se
201 1294 303 1359 titulis
319 1307 412 1358 ornat
426 1297 564 1378 turpiter
577 1295 647 1376 ipsa
662 1296 745 1358 suis:

95 1405 227 1486 Torpes
243 1421 347 1466 mersa
360 1401 466 1480 cavis,
484 1400 599 1463 levitas
614 1401 697 1462 mihi
708 1403 876 1482 quaeritur
887 1403 962 1484 alis,

141 1497 206 1569 Dat
220 1507 279 1568 tibi
296 1507 380 1568 fossa
395 1509 550 1584 domum,
565 1505 686 1570 nobilis
704 1508 884 1602 aulamib‘s
991 1515 997 1522 '

92 1615 248 1680 Deliciae
258 1622 333 1688 sunt
346 1632 450 1697 grana
466 1623 559 1692 tuae,
572 1613 625 1674 mi
637 1611 727 1698 regia
742 1613 844 1676 nutrit
1032 1615 1053 1684 ί

137 1719 267 1780 Mensa:
279 1715 363 1778 bibis
373 1717 513 1792 faecem,
530 1715 587 1776 sed
601 1714 679 1778 bibo
689 1715 787 1777 dulce
797 1730 935 1782 merum.

93 1823 200 1906 Quod
211 1818 316 1896 bibis,
329 1839 348 1878 a
360 1818 440 1878 limo
455 1817 560 1902 sugis;
581 1817 664 1878 mihi
679 1819 822 1904 suggerit
841 1841 974 1906 nurum,

142 1927 242 2010 Quod
253 1923 345 1984 bibo:
364 1941 441 1982 saxa
458 1920 598 2002 premis,
618 1922 707 2005 regia
719 1936 808 2005 terga
821 1945 945 2004 premo.

97 2029 201 2107 Sede,
217 2026 311 2102 cibis,
330 2035 426 2106 potu,
444 2025 604 2100 thalamo,
620 2045 695 2086 cum
707 2023 837 2110 regibus
856 2038 945 2115 utor,
1044 2107 1049 2121 ¹

143 2129 290 2215 Reginae
310 2125 428 2190 teneris
445 2128 556 2188 oscula
574 2125 640 2214 figo
655 2128 757 2215 genis.
1016 2160 1053 2202 10

98 2235 177 2296 Non
190 2229 298 2294 minus
309 2239 439 2293 urentes
456 2226 553 2290 mittit
568 2230 716 2292 Formica
728 2229 876 2316 sagittas,

144 2339 183 2398 Et
196 2355 254 2398 sua
269 2354 335 2396 non
350 2331 517 2395 modicum
528 2331 654 2413 spicula
667 2332 751 2395 fellis
769 2337 906 2401 habent:

100 2443 198 2504 Ludo
209 2461 314 2503 mersa
324 2439 428 2512 cavis3
446 2437 548 2500 nescit
561 2448 614 2498 tua
630 2457 740 2518 penna
757 2439 917 2518 quietem:

143 2548 225 2607 Sunt
235 2544 320 2607 mihi
332 2563 437 2626 pauca
453 2543 547 2620 satis,
559 2553 635 2604 sunt
650 2542 709 2603 tibi
721 2546 822 2606 multa
835 2568 964 2627 parum.

101 2656 159 2716 Mc
172 2653 290 2714 laetam
307 2652 394 2714 videt
405 2670 473 2711 esse
490 2667 604 2728 cavus,
623 2659 653 2710 te
670 2649 759 2735 regia
776 2651 910 2715 tristem.
1017 2661 1052 2721 15

143 2756 222 2818 Plus
236 2751 321 2816 mihi
335 2772 439 2839 grana
458 2752 603 2833 placent,
621 2772 720 2832 quam
738 2755 796 2818 tibi
807 2757 891 2844 regis
904 2779 994 2842 opes.

100 2863 251 2926 venatur
262 2857 344 2919 mihi
361 2859 448 2919 farra
464 2858 572 2938 labos,
594 2855 655 2918 tibi
674 2857 796 2920 fercula
810 2860 950 2924 furtumt

143 2965 234 3024 Haec
248 2960 329 3022 mihi
345 2980 410 3042 pax
428 2959 547 3040 mellit,
566 2959 684 3021 toxicat
695 2961 753 3022 illa
766 2962 873 3026 timor.

99 3044 230 3129 Mundo
240 3065 325 3127 farre
337 3065 449 3144 fruor,
463 3076 496 3128 tu
511 3066 622 3128 foedas
635 3068 747 3129 omnia
764 3079 867 3130 tactu:

144 3171 227 3230 Cum
242 3167 327 3230 nulli
338 3179 488 3248 noceam,
507 3167 659 3259 omnibus
674 3187 742 3228 una
763 3188 870 3233 noces.
1016 3189 1055 3234 ao

102 3275 159 3336 Est
169 3294 246 3364 ⁴mea
260 3272 418 3356 parcendi
434 3274 620 3354 speculum,
637 3281 691 3334 tua
702 3271 770 3334 vita
787 3271 938 3334 nocendi.

145 3379 226 3440 Sunt
244 3399 316 3440 mea
329 3397 414 3460 quae
432 3396 551 3458 carpo,
565 3396 632 3437 non
649 3376 711 3438 nisi
723 3386 816 3457 rapta
827 3393 932 3439 voras.

105 3481 148 3540 Ut
166 3481 333 3559 comedas,
347 3479 447 3557 vivis,
465 3481 618 3558 comedo,
638 3499 679 3540 ne
695 3479 805 3542 vivere
820 3500 949 3543 cessem.

147 3585 200 3643 Me
215 3579 300 3642 nihil
319 3581 466 3663 infestat,
485 3595 516 3646 te
531 3582 614 3668 fugit
627 3581 734 3644 omnis
751 3584 862 3643 homo.

107 3687 201 3747 Unde
218 3684 301 3767 petis
317 3684 435 3764 vitam,
449 3687 573 3768 rapitur
589 3686 649 3749 tibi
662 3687 742 3748 vita:
756 3689 867 3768 palato
1016 3686 1064 3776 ab,

144 3788 265 3852 Dulcia
277 3786 352 3851 vina
366 3787 499 3870 bibens,
518 3790 563 3852 fel
580 3789 670 3858 necis
683 3808 758 3850 acre
771 3787 867 3852 bibis.
