2750 4782
342 415 722 494 5555555555.
762 434 884 507 caer.
956 451 1012 518 ¹77
1100 452 1111 484 s

64 628 200 740 Mace
209 671 293 740 fidus
301 675 397 738 heres
407 671 550 745 nascitur
555 718 565 754 ,
579 691 678 754 quarn
691 671 852 739 scribitur.
890 658 893 686 ⁵

61 785 166 866 Mage
179 781 279 862 valet,
290 777 348 862 qui
359 781 477 859 nescit,
492 770 657 843 calamitas
669 773 751 859 quid
761 778 856 839 55151.

64 886 227 971 Magnam
239 883 406 948 fortunam
418 902 558 998 magnus
569 882 666 944 etiam
683 881 813 950 animus
825 883 927 954 decet,

8 1067 11 1080 7
64 989 308 1076 Magnanimo
298 989 439 1084 miuriac
446 965 633 1053 remedium
649 986 773 1050 oblivio
787 996 844 1052 551.

64 1097 231 1179 Magnum
244 1093 368 1159 crimen
378 1111 489 1158 secum
499 1093 604 1154 adfert
615 1089 808 1176 indignatio.

8 1261 9 1272 ,
66 1205 161 1268 Mala
177 1223 273 1266 causa
286 1213 346 1286 est,
365 1224 450 1285 quae
462 1201 600 1283 requirit
612 1201 880 1270 misericordiam..

66 1309 179 1378 Malae
190 1316 328 1371 naturae
338 1326 507 1387 nunquam
525 1308 658 1370 doctore
670 1306 831 1391 indigent.

67 1413 160 1474 Mala
176 1420 223 1474 est
234 1411 415 1495 medicina,
428 1411 486 1474 ubi
496 1411 621 1492 aliquid
632 1421 769 1476 naturae
781 1410 877 1493 perit.

65 1517 159 1577 Mala
175 1525 223 1578 est
236 1517 386 1598 voluptas
402 1517 444 1578 ad
461 1514 608 1581 alienum
623 1535 841 1578 consuescere.

8 1623 10 1636 ’
66 1619 160 1678 Mala
173 1635 260 1680 mors
278 1616 476 1689 necessitatis
493 1617 691 1698 contumelia
706 1624 762 1678 est.

68 1723 196 1784 Malam
206 1739 276 1782 rem
287 1720 470 1801 camelis,
483 1723 686 1784 honestatem
704 1718 882 1802 improbes.

70 1826 285 1888 Maledictum
303 1827 550 1914 interpretando
558 1823 659 1888 facias
672 1826 788 1890 acrius.

73 1928 163 1989 Male
171 1928 277 1992 facere
287 1927 440 2007 quivult,
455 1945 625 2006 nunquam
637 1946 706 1990 non
717 1947 847 1990 causam
861 1907 997 1993 invenit.
1105 1923 1106 1926 '
1206 1933 1208 1944 ⁴

74 2037 163 2098 Male
174 2037 281 2102 facere
292 2035 450 2118 quivult
465 2054 627 2114 nusquam
637 2053 705 2098 non
717 2054 847 2098 causam
858 2034 996 2100 55555551
1168 2068 1169 2080 t

74 2143 163 2204 Male
175 2135 620 2226 geritur,quidquidger1tur
630 2138 792 2198 Fortunae
806 2133 880 2199 fide.
965 2141 1023 2220 378
1170 2216 1172 2234 ⁴

74 2247 164 2308 Male
173 2245 366 2326 tmperando
378 2263 543 2310 summum
554 2259 731 2322 imperium
744 2239 915 2303 amittitur
1115 2239 1121 2246 “

76 2329 1078 2462 Μ515555555551511555655,5555055555555515555515555150511

76 2447 277 2512 Μ5155155511
288 2448 332 2528 15,
353 2469 450 2528 quem
464 2446 608 2531 poenitet
621 2445 785 2512 victoriae.

77 2552 165 2614 Male
179 2550 283 2628 51551,
298 2550 443 2630 quisquis
459 2550 580 2615 nesciet
592 2538 678 2612 mori
691 2551 787 2616 bene.

72 2655 307 2738 1115155150551,
325 2655 431 2736 quise
445 2678 575 2739 semper
589 2657 732 2724 victuros
745 2665 872 2741 putant.

77 2766 257 2830 Malevolus
267 2765 396 2829 animus
408 2765 536 2831 abditos
551 2769 663 2832 dentes
678 2770 788 2852 habet.

77 2871 257 2939 Malevolus
268 2884 395 2952 semper
409 2892 467 2934 sua
482 2883 596 2935 natura
610 2871 762 2936 vescitur.

78 2977 238 3062 Malignos
249 2977 321 3040 lieri
334 2977 476 3041 maxime
494 2978 614 3064 ingrati
630 2981 759 3042 docent.

77 3081 202 3146 Malitia
213 3081 310 3145 unius
321 3081 384 3145 cito
397 3081 435 3145 fit
446 3081 654 3144 maledictum
669 3080 829 3150 omnium.

79 3188 218 3270 Malitia,
236 3197 273 3250 ut
289 3190 382 3275 peior
393 3191 520 3272 veniat,
536 3210 572 3254 55
582 3189 716 3252 simulat
729 3193 860 3252 bonam.

80 3293 166 3353 Malo
177 3291 213 3353 in
225 3293 361 3356 consilio
373 3293 515 3357 feminae
525 3291 660 3355 vincunt
674 3291 771 3355 51505.

31 3433 35 3446 ·
82 3399 167 3462 Malo
182 3398 278 3460 etiarn
291 3421 419 3486 parcas,
431 3401 459 3464 si
473 3421 538 3462 una
551 3413 597 3464 est
608 3399 769 3484 periturus
780 3401 897 3463 bonus.

82 3497 204 3568 Malum
217 3502 361 3568 alienum
374 3528 416 3569 ne
428 3506 543 3574 feceris
559 3517 651 3569 tuum
660 3506 829 3592 gaudium.

83 3609 206 3670 Malum
223 3606 395 3670 consilium
415 3612 592 3674 consultori
605 3613 783 3695 pessimum
793 3616 851 3670 est.

83 3713 205 3776 Malum
217 3719 263 3776 est
273 3711 460 3792 consilium,
478 3718 567 3796 quod
579 3716 696 3780 mutari
708 3735 776 3777 non
788 3717 902 3821 potesl-

82 3819 185 3886 Malus
197 3815 327 3880 animus
340 3816 377 3882 in
391 3828 512 3888 secreto
525 3819 618 3906 peius
634 3820 763 3906 cogitat.

174 3918 310 3977 Phaedrus.
669 3935 718 3974 55
