2910 4786
321 501 475 558 xxxam
524 447 779 556 nottttn
803 470 1118 550 tttattnant

423 659 526 718 ³499.
540 637 697 702 oscitanter
709 637 847 722 reliquit,
867 655 936 698 cum
951 655 1060 700 annum
1077 635 1162 717 1617.
1178 639 1278 704 notari
1317 602 1323 620 ι

443 742 464 782 o
486 735 637 783 ortutsset.

315 741 564 865 ,meinent
576 798 752 862 Fabularum
764 798 918 881 Aesopiar.
932 795 1059 859 Libri-V.
1073 816 1111 860 ex
1127 800 1277 862 recensio-

444 901 482 945 ne
503 900 531 944 et
549 901 617 943 tum
636 880 715 944 notis
736 883 800 944 Nic.
815 879 933 963 Rigaltii.
953 881 1078 942 lubecae.
1095 897 1140 942 aa.
1153 911 1196 930 -
1216 881 1275 944 Re·

443 962 548 1044 petitio
568 965 615 1024 ed.
629 963 839 1024 antecedentis.

326 1045 400 1128 1603
442 1043 591 1126 Apologi,
610 1063 665 1107 seu
684 1041 809 1106 fabellae
823 1040 1006 1124 Aesopicae,
1025 1039 1129 1102 Larino
1147 1043 1276 1106 carmine

443 1126 572 1189 redditae
585 1124 746 1186 aphamia
758 1123 902 1186 Hanoviae
908 1162 920 1196 1,
937 1123 1009 1206 typis
1025 1121 1212 1196 Weclttlt'anis,
1228 1149 1276 1206 ap.

346 1245 349 1254 ι
445 1206 584 1268 Claudium
604 1206 741 1266 Manlium
756 1223 780 1265 rt
797 1207 896 1264 lendis
913 1205 953 1264 lo.
969 1203 1073 1265 Aulrlt‘.
1091 1223 1186 1264 12.-
1203 1204 1275 1267 Imi-

443 1304 520 1356 tatur
530 1286 598 1349 edit.
609 1285 635 1350 1.
648 1285 843 1369 Rigaltinam,
855 1283 956 1346 additis
968 1283 1124 1364 Aphthonii
1136 1329 1146 1358 ,
1163 1286 1276 1348 Aviani

444 1385 474 1431 et
490 1368 637 1444 Gabtiae‚
656 1387 707 1431 seu
729 1365 874 1441 Babriae,
891 1365 984 1448 vulgo
1000 1366 1041 1427 sic
1062 1365 1150 1441 dicti,
1162 1364 1277 1432 fabulis.

327 1453 403 1518 1610
443 1448 567 1511 Phaedri
585 1450 664 1530 Aug.
687 1447 748 1510 Lib.
771 1446 948 1520 Fabularum
970 1445 1124 1527 Aesopiat.
1142 1447 1222 1509 Libri
1233 1449 1276 1512 V.

442 1532 551 1592 loannes
573 1529 709 1592 Meursius
734 1541 804 1610 post
832 1527 1007 1603 pithoeum,
1031 1527 1277 1604 Rittetsbusium,
1345 1575 1349 1586 .

444 1611 630 1694 Scioppium,
651 1610 825 1691 Rigaltium,
853 1609 952 1672 denuo
965 1608 1110 1672 recensuit
1129 1623 1160 1670 et
1180 1608 1277 1672 anim·

445 1691 633 1754 adversiones
651 1691 767 1753 addidit.
782 1691 961 1769 Antverpiae,
978 1689 1087 1773 ex'offit.
1099 1689 1276 1752 Flaminiana

445 1771 625 1867 Raplelttpil.
643 1771 672 1832 8.
685 1804 728 1821 -
746 1770 837 1865 Nulla
851 1770 909 1832 alia
923 1787 987 1846 est,
1004 1789 1097 1866 puato
1115 1772 1209 1840 editio
1230 1791 1275 1867 an.

446 1850 1279 2015 :tittitttttutttttuut,tituta

335 2075 337 2082 .
447 2016 550 2078 statuit
572 2013 787 2078 Desbillonius:
807 2037 825 2070 n
833 2015 900 2081 Hae
919 2013 1187 2078 animadversiones
1209 2017 1278 2078 viro

447 2112 506 2158 tarn
529 2097 646 2159 erudito
672 2115 792 2178 prorsus
812 2095 945 2176 indignae
964 2112 1049 2160 sunt:
1076 2113 1138 2158 non
1162 2112 1276 2160 tantum

447 2177 526 2239 enim
545 2176 635 2241 multa
651 2195 713 2240 esse
737 2176 875 2240 mutanda
900 2191 931 2239 et
953 2175 1155 2258 interpolanda
1169 2195 1200 2240 et
1225 2179 1279 2241 ad-

447 2259 540 2322 denda
559 2277 589 2321 et
606 2258 802 2322 abscindenda
814 2277 965 2340 perperam
983 2259 1143 2340 opinatum
1161 2275 1192 2320 at
1206 2279 1277 2322 ver·

448 2357 500 2402 sus
517 2340 605 2404 etiam
623 2340 736 2423 aliquot
761 2355 820 2402 tam
838 2342 997 2404 enormiter
1016 2339 1126 2420 diffingi
1141 2339 1224 2416 vult,
1244 2356 1277 2402 ut

359 2483 372 2494 ,,
448 2421 506 2482 iam
524 2441 586 2486 non
600 2421 662 2504 ipsa
677 2422 743 2484 sive
757 2439 881 2495 sensus,
901 2421 965 2486 sive
976 2420 1137 2492 latinitatis,
1150 2439 1206 2484 seu
1219 2439 1278 2483 me·

296 2539 314 2574 ,
447 2502 484 2564 tri
504 2503 580 2565 ratio
606 2518 741 2567 constare
764 2503 866 2582 possit.
875 2528 893 2562 n
922 2503 1020 2566 Nobis
1042 2519 1141 2566 tamen
1165 2521 1226 2565 non
1246 2503 1277 2564 in
1316 2499 1320 2512 “

271 2659 276 2666 ¹
447 2586 588 2647 omnibus
605 2586 685 2648 ausis
701 2583 799 2646 infelix
815 2583 901 2646 fuisse
917 2585 1031 2648 videtur
1047 2582 1204 2646 Meursius.

326 2667 588 2727 ——Nevrletir
603 2665 779 2746 Mytlologt'a
788 2664 920 2746 Aesopica
927 2710 939 2738 ‚
955 2666 1053 2746 inqua
1068 2667 1168 2748 Aesopi
1179 2663 1280 2730 Fabu-

446 2743 495 2805 lae
511 2744 786 2808 Gtaeco-Latinae
807 2755 966 2808 ccxcvii·
983 2765 1109 2827 quarum
1130 2763 1279 2811 cxxxvi.

443 2823 575 2918 'primum
597 2821 755 2905 prodeunt.
774 2824 927 2888 Accedunt
950 2825 1064 2888 Balriae
1083 2828 1211 2897 Fabulae
1231 2843 1280 2890 et-

448 2923 506 2965 tam
532 2909 689 2967 auctiores.
718 2906 858 2986 Anonymi
882 2906 972 2968 veteris
994 2906 1140 2984 Fabulae,
1171 2910 1288 2978 Latino¹

448 2985 579 3048 carmine
604 2985 730 3049 redditae
757 3001 809 3046 tx.
830 3004 868 3047 ex
887 2987 1026 3052 exsoletis
1049 2989 1229 3054 editionibus
1249 3009 1279 3054 et

448 3063 562 3129 Codice
575 3085 627 3128 ms.
639 3066 698 3128 luti
711 3065 850 3130 redditae:
869 3067 951 3132 llaec
963 3071 1062 3133 omnia
1072 3090 1109 3134 ex
1122 3071 1281 3136 bibliothe-

448 3167 483 3210 ca
508 3145 646 3210 Palatina.
670 3146 856 3212 Adliciuntut
869 3149 987 3234 insuper
1004 3153 1137 3227 Phaedri,
1157 3153 1277 3226 Avieni,

448 3229 578 3290 Absttmii
595 3227 740 3306 Fabulae,
766 3248 856 3310 opera
880 3247 911 3294 et
933 3234 1032 3297 studio
1060 3233 1150 3300 Isarci
1169 3233 1282 3296 Mcolai

241 3351 243 3362 -
448 3310 588 3384 Neveleti,
605 3329 672 3374 cum
688 3312 764 3374 notis
777 3311 904 3374 eiusdem
914 3312 943 3375 in
957 3315 1069 3377 eadem.
1090 3311 1278 3394 francofurti,

496 3390 522 3450 t's
539 3391 604 3452 Nic.
622 3390 788 3474 Hoffmannt'.
805 3394 927 3475 Impensa
944 3395 1023 3459 Ionae
1039 3397 1127 3456 Rotas
1147 3395 1190 3457 M.
1208 3393 1279 3460 DC.

328 3479 330 3486 ’
448 3411 530 3534 {ib
552 3471 655 3536 cumfi
693 3517 705 3556 ,·
726 3474 797 3536 bur.
812 3493 830 3535 a
847 3475 930 3558 Vitg.
949 3478 1044 3553 Solis,
1062 3473 1280 3558 chalcographo

449 3569 481 3614 et
493 3556 580 3633 poeta
599 3553 899 3637 Norimbetgensi.-
916 3557 1097 3629 Neveletus,
1114 3555 1229 3620 Pithoei
1242 3576 1281 3620 ex

449 3651 554 3697 sorore
579 3653 689 3718 nepos,
710 3651 825 3698 textum
849 3634 964 3699 Pithoei
988 3639 1114 3700 maxime
1141 3654 1281 3716 secutus,

447 3713 526 3808 Cod.
542 3714 694 3814 Pitbpean.
719 3735 779 3780 vet.
805 3715 958 3812 lectionem
974 3717 1003 3778 in
1024 3719 1154 3800 margine
1171 3719 1282 3784 adscri-

448 3795 1280 3958 tetttuututuitit,beatitud²

448 3976 508 4042 que
531 3958 751 4026 emendationes
769 3961 941 4045 proposuit,
965 3959 1016 4030 vel
1036 3981 1197 4046 praeeunte
1212 3901 1280 4026 iisd:
