2848 4792
417 424 735 491 nneuenn
797 401 800 409 '

345 665 655 742 FABULA
702 669 802 742 Vll.

503 837 653 912 entus,

85 953 225 1068 Hnuu
241 1003 337 1083 facile
354 1011 402 1066 est
413 1003 520 1085 pravis
533 1001 682 1066 innatum
700 1004 879 1088 mentibus,
895 1015 931 1071 ut
943 1025 978 1072 se

63 1163 65 1170 s
136 1113 468 1198 Muneribus‘dignas
486 1116 687 1196 suppliciove
704 1125 828 1199 putent.

87 1219 196 1280 Forte
212 1216 492 1296 canisquondam
508 1218 605 1280 nullis
622 1221 791 1282 latratibus
805 1222 959 1302 horrens,
1049 1210 1053 1218 ’

138 1323 208 1382 Nec
222 1319 341 1401 patulis
356 1319 500 1402 primum
518 1320 651 1384 rictibus
666 1343 724 1392 ora
741 1327 890 1404 trahens,

88 1422 215 1484 Mollia
231 1425 289 1486 aed
305 1423 444 1506 pavidae
461 1424 654 1488 submittens
671 1430 807 1494 verbera
828 1430 968 1512 caudae,
1034 1432 1051 1494 5

136 1526 295 1589 Concitus
307 1528 428 1590 audaci
446 1530 584 1590 vulnera
598 1529 695 1594 dente
712 1531 819 1590 dabat.
958 1595 961 1600 y

87 1636 199 1694 Hunc
208 1631 379 1715 dominus,
393 1655 436 1694 ne
451 1654 548 1715 quem
560 1633 709 1714 'probitas
723 1634 874 1697 simulata
885 1637 1017 1719 lateret,

134 1737 279 1798 Iussemt
290 1735 326 1797 in
345 1736 460 1797 rabido
474 1746 606 1818 gutture
623 1737 709 1802 ferre
726 1741 849 1800 nolam.

89 1831 260 1900 Faucibus
272 1835 401 1898 innexis
416 1833 608 1915 crepitantia
624 1834 766 1918 subligat
782 1856 873 1918 aera,

96 1985 98 1990 -
137 1946 234 2026 Quae
248 1940 337 2003 facili
354 1950 444 2031 motu
459 1939 552 2024 signa
567 1940 712 2002 cavenda
728 1942 853 2003 darent.
1015 1965 1052 2008 ιο

92 2051 192 2112 Haec
205 2055 314 2108 tamen
326 2045 383 2108 ille
398 2045 461 2108 sihi
478 2045 630 2126 credebat
645 2043 792 2134 praemia
806 2044 901 2128 femi,

141 2154 183 2214 Et
194 2150 337 2216 similem
346 2155 475 2214 turbam
493 2143 692 2232 despiciebat
706 2168 819 2212 ovans.

95 2257 196 2318 Tunc
206 2254 416 2318 insultantem
430 2255 541 2324 senior
554 2257 597 2316 de
609 2256 705 2336 plebe
718 2255 898 2334 superbum

140 2357 346 2447 Aggreditur‚
370 2363 427 2423 tali
439 2363 569 2447 singula
581 2381 660 2422 voce
672 2381 825 2424 monens:

95 2465 240 2529 Infelix!
258 2475 449 2545 quaetenta
466 2465 553 2546 rapit
566 2463 730 2528 dementia
744 2473 890 2547 sensum,
981 2467 982 2470 ’
1016 2466 1053 2530 15

142 2575 281 2635 Munera
293 2590 354 2653 pro
368 2571 492 2634 meritis
507 2572 536 2633 si
554 2571 645 2652 cupis
658 2571 718 2633 ista
734 2569 831 2636 dari?

98 2679 178 2738 Non
192 2677 254 2737 hoc
267 2673 395 2737 virtutis
414 2677 512 2738 decus
528 2683 708 2737 ostentatur
723 2671 761 2734 in
777 2691 871 2750 aere,

140 2781 172 2847 N
174 2781 313 2865 equitiae
326 2793 438 2846 testem
451 2785 509 2847 sed
520 2782 607 2868 geris
622 2781 700 2846 inde
718 2799 847 2844 sonum.

132 2996 140 3020 ι
214 3057 217 3062 ,
332 2925 842 3038 rneunnvni

310 3139 312 3144 ’
424 3169 426 3176 ,
463 3137 698 3190 GAMELUS.

103 3248 330 3358 concinnum
342 3286 485 3372 propriis
497 3285 675 3368 sapientem
687 3284 798 3348 vivere
807 3284 920 3363 rebus5

144 3397 211 3454 Nee
222 3415 339 3475 cupere
353 3392 500 3471 alterius,
515 3391 628 3452 fabula
644 3398 759 3452 nostrat
772 3397 899 3464 monet;

105 3498 278 3582 Indignata
290 3499 355 3560 cito
368 3520 410 3562 ne
425 3509 486 3563 stet
501 3501 643 3560 Fortuna
659 3517 808 3577 recursu,

147 3608 254 3685 Atque
266 3607 380 3666 eadem
393 3605 534 3687 minuat,
554 3626 638 3685 quae
652 3588 743 3668 dedit
754 3613 843 3683 ante,
856 3608 947 3686 ¹tota.
1193 3653 1202 3682 ,
1299 3660 1302 3670 ,

110 3705 264 3790 Corporis
275 3707 427 3770 immensi
444 3691 547 3770 fertur
561 3731 661 3792 pecus
675 3709 736 3772 isse
754 3729 813 3790 per
825 3724 939 3788 auras,
1039 3707 1057 3771 6
1130 3777 1133 3781 ,

147 3819 189 3878 Et
207 3835 365 3900 magnum
380 3816 530 3902 precibus
544 3815 732 3885 sollicitasse
746 3815 875 3896 Iovem,

206 3923 341 3978 Plenus.
753 3933 770 3986 7
890 3947 892 3950 -
