2916 4790
314 487 502 582 rutrum
522 482 778 547 succursu
797 478 874 542 ua
886 479 942 546 Ν.
1063 483 1100 553 4³

148 645 366 731 Dignumque
382 643 482 725 longa
497 635 646 700 iudicatis
666 632 842 696 memoria:

148 738 347 813 Illiteralum
360 749 512 831 plausum
526 765 588 808 nec
604 742 764 806 desidero·
1064 754 1104 806 uc

438 940 821 1016 FABULAL

408 1114 582 1170 Asinus
608 1113 665 1166 ET
694 1111 853 1166 GALLI.

250 1273 253 1280 '
338 1245 920 1321 FABuLAImeu

305 1425 364 1477 DE
392 1423 617 1478 MUSTELA
644 1421 700 1472 ΕΤ
726 1418 952 1478 MURIBUS.

109 1517 127 1566 ἱ

155 1548 260 1689 Qur
276 1600 370 1654 natus
382 1600 428 1656 est
436 1587 571 1671 infelix,
581 1607 649 1652 non
662 1588 763 1650 vitam
776 1591 875 1652 modo

151 1699 298 1762 Tristem
315 1695 474 1777 decurrit,
488 1715 604 1759 verum
615 1705 688 1778 past
704 1694 830 1758 obitum
841 1713 972 1776 quoque

152 1797 367 1879 Persequitur
380 1798 476 1878 illum
493 1799 575 1859 dura
592 1797 651 1858 fati
665 1785 816 1860 miseria.¹

200 1903 290 1968 Galli
303 1903 453 1983 Cybebes
470 1902 594 1972 circum
607 1902 643 1964 in
660 1914 811 1982 quaestus
828 1905 945 1965 ducere

156 2011 297 2074 Asinum
311 2010 473 2089 solebant,
490 2008 691 2071 baiulantem
704 2008 855 2072 sarcinas.
1089 2005 1109 2071 i

158 2118 195 2176 Is
206 2135 280 2175 cum
291 2115 406 2176 labore
421 2123 454 2176 et
466 2113 573 2198 plagis
585 2123 666 2177 esset
681 2121 844 2194 mortuus,

159 2215 314 2278 Detracta
326 2217 430 2298 pelle,
443 2212 507 2278 sibi
517 2216 662 2278 fecerunt
680 2227 848 2298 tympana.

161 2317 285 2404 Rogati
297 2319 375 2380 mox
387 2338 407 2379 a
424 2321 584 2400 quodam,
604 2320 722 2384 delicio
738 2340 797 2386 suo

162 2423 331 2508 Quidnam
347 2422 518 2486 iecissent?
534 2426 597 2486 hoe
615 2427 717 2488 locuti
733 2437 809 2488 sunt
825 2430 941 2490 modo:

42 2517 47 2528 ³
162 2528 303 2588 Putabat
319 2546 352 2588 se
368 2535 441 2607 post
452 2536 591 2588 mortem
607 2547 758 2592 securum
775 2529 860 2611 sore,
1075 2549 1116 2592 10

163 2631 248 2692 Ecce
258 2626 341 2692 aliae
352 2630 471 2714 plagae
487 2639 708 2717 congeruntur
725 2642 867 2698 mortuo.

207 2818 375 2879 locamur
392 2813 453 2878 tibi
466 2815 611 2881 videtum
630 2825 661 2881 et
673 2837 750 2882 sane
765 2819 854 2901 leve,

162 2925 256 2984 Dum
269 2921 354 2984 nihil
365 2923 523 2986 habemus
535 2923 655 3008 maius,
669 2927 795 2989 calamo
808 2923 963 2990 ludimus.

162 3026 232 3116 Sed
250 3025 423 3111 diligenter
435 3025 563 3090 intuere
579 3032 639 3093 has
655 3029 805 3108 naenias3
911 3083 914 3089 ,

162 3137 332 3218 Quantam
344 3133 672 3200 subillisutilitatem
690 3135 854 3218 reperies?
1075 3135 1114 3198 rs

164 3245 243 3304 Nou
256 3263 386 3324 semper
398 3261 438 3306 ea
448 3250 540 3324 sunt,
560 3263 645 3324 quae
662 3243 834 3305 videntur:
853 3241 977 3325 deripit

165 3349 270 3410 Frons
284 3347 392 3428 prima
407 3347 548 3424 multum
564 3365 638 3408 rara
651 3367 743 3410 mens
756 3345 928 3433 intelligit,

168 3451 269 3532 Quod
280 3450 435 3520 interiore
451 3451 598 3516 condidit
614 3472 692 3516 cura
706 3456 837 3541 angulo.

168 3555 243 3620 Hoc
256 3575 299 3616 ne
314 3557 440 3619 locutus
454 3556 526 3620 siue
535 3561 685 3621 mercede
701 3559 880 3640 existimer,
897 3591 899 3594 ·

170 3655 337 3718 Fabellam
350 3655 505 3719 adiiciam
518 3679 560 3718 rr
576 3679 722 3724 uusrm
736 3683 773 3722 rr
790 3679 947 3724 uurrsrsa
1078 3673 1116 3719 ao
1190 3660 1194 3690 ¹

213 3762 366 3844 Mustela,
378 3783 468 3844 cum,
483 3764 577 3827 annis
590 3776 623 3828 et
635 3779 763 3830 senecta
779 3767 911 3850 debilis,
981 3823 989 3846 ,

154 3937 157 3942 ,
173 3867 285 3932 Mures
298 3869 425 3954 veloces
440 3889 509 3934 non
524 3872 645 3938 valeret
657 3871 803 3955 assequi,

870 3971 883 4006 t
