2848 4792
460 391 780 534 rasuras
1039 457 1096 504 mr

381 682 689 761 FABU'LA
737 679 867 754 XIII.

376 861 566 917 saurus
594 863 649 914 rr
679 859 867 936 bracus.

144 983 338 1096 Imurrsmu
348 1033 476 1093 Taurus
486 1030 614 1115 fugeret
627 1047 702 1088 eum
715 1026 799 1089 forte
813 1027 971 1108 leonem,

157 1181 161 1188 ,
185 1141 335 1221 Turaque
353 1138 486 1204 desertis
502 1145 671 1218 quaereret
686 1147 780 1200 antra
796 1135 898 1222 iugis,

144 1223 343 1324 Speluneum
357 1242 498 1324 reperit,
516 1259 615 1321 quam
630 1249 708 1301 tune
718 1240 860 1303 hirsutus
870 1239 1024 1323 habebat,

187 1347 347 1430 Cinyphii
360 1349 477 1420 ductor
491 1342 548 1424 qui
561 1343 643 1404 solet
654 1363 721 1406 esse
734 1341 851 1430 gregis·

144 1456 203 1519 Ast
213 1454 270 1516 ubi
280 1452 440 1516 submissa
451 1450 664 1513 meditantem
679 1450 863 1534 irrumpere
877 1449 984 1512 fronte
1078 1445 1095 1512 5

186 1561 312 1624 Obvius
328 1559 465 1640 obliquo
482 1558 598 1620 terruit
611 1577 668 1619 ore
680 1565 801 1639 'eaper3

141 1665 258 1727 Tristis
270 1663 354 1743 abit,
367 1666 534 1748 longaque
547 1662 648 1750 fugax
659 1663 700 1725 de
713 1661 801 1724 valle
816 1663 961 1741 locutus,

183 1765 288 1848 (Nam
301 1766 400 1828 timor
417 1767 589 1846 expulsum
608 1765 715 1850 iurgia
734 1767 820 1830 ferre
839 1763 966 1848 veiatz)

145 1872 219 1931 Non
233 1881 263 1930 te
276 1868 422 1932 demissis
436 1873 596 1950 setosum,
612 1869 741 1950 putide,
761 1871 889 1951 barbis,
1050 1857 1056 1864 ⁸

184 1967 368 2050 Illum,qui
380 1978 525 2050 superest
534 1955 799 2051 insequiturque,
818 1982 932 2033 tremo.
973 1961 978 1980 ⁴
1058 1989 1096 2034 ro

71 2153 75 2162 .
145 2072 228 2132 Nam
240 2069 267 2132 si
279 2069 440 2151 discedat,
456 2089 587 2152 nosces,
606 2069 808 2155 stultissime,
825 2079 983 2152 quantum
1082 2065 1085 2069 ’

184 2158 354 2259 Diserepet
373 2198 393 2239 a
406 2176 508 2240 Tauri
527 2177 653 2242 viribus
672 2179 792 2244 Hircus
807 2182 909 2244 olens.
993 2169 998 2178 ’

144 2285 230 2350 Dum
247 2283 338 2365 cupis
349 2283 478 2347 illatum
485 2281 617 2348 rihmot
630 2305 690 2368 par
702 2287 829 2348 solvere
841 2287 1015 2367 damnum,

98 2386 105 2445 ἶ
185 2389 317 2469 Absque
327 2399 383 2451 tuo
398 2390 523 2451 damno
540 2381 641 2451 bucce
656 2397 769 2452 caveto
784 2390 863 2452 fore.

246 2513 336 2588 Ὗ·
379 2537 683 2636 rasura
732 2563 856 2636 xiv.

388 2745 528 2798 SIMIA
554 2681 845 2798 E⁸T1UPleR·

144 2850 285 2963 lurrrrr
300 2898 335 2960 iu
350 2905 418 2960 toto
432 2899 601 2978 quondam
613 2898 817 2979 quaesiverat
827 2899 922 2980 orbe,
1005 2917 1010 2930 ·

95 3027 100 3031 ’
181 3008 320 3066 Munera
331 3013 484 3066 natorum
495 3004 554 3086 qui
566 3005 704 3068 meliora
721 3006 822 3067 daret.

143 3098 352 3174 Certatim'ad
364 3129 475 3195 regem
484 3111 586 3173 currit
598 3125 703 3198 genus
714 3121 814 3176 bmne
824 3114 985 3193 ferarum,

182 3212 451 3292 Permixtumque
465 3213 595 3276 bomini
610 3216 736 3303 cogitur
745 3216 795 3278 ire
808 3237 918 3299 pecus.

144 3318 206 3380 Sed
222 3339 282 3381 nee
295 3318 497 3405 squamigeri
510 3321 626 3384 desunt
639 3324 680 3385 ad
692 3304 801 3409 iurgia
813 3321 933 3404 pisces,
958 3301 965 3314 ⁸
1075 3322 1093 3385 5

182 3421 246 3484 Vel
259 3419 419 3502 quidquid
438 3423 611 3485 voluerum
625 3413 742 3504 purior
753 3443 834 3484 aura
846 3423 947 3485 vehit.
1156 3429 1160 3438 '

144 3521 654 3612 Interquostrepidaeducebana
667 3523 808 3612 pigriora
822 3537 957 3608 matres,
1009 3549 1013 3556 ·
1045 3517 1050 3528 ’

183 3625 310 3694 Iudicio
322 3628 403 3689 tanti
415 3630 617 3695 discutienda
629 3631 699 3696 nei.
801 3689 804 3700 ,
818 3663 824 3671 ·

143 3731 238 3793 Tune
252 3731 360 3794 brevis
371 3731 546 3796 informem
562 3739 702 3799 traheret
717 3755 792 3798 cum
806 3732 906 3797 Simia
920 3744 1052 3817 natum,

184 3833 296 3914 ipsum
308 3832 408 3896 etiam
424 3833 460 3896 in
475 3835 577 3898 risum
595 3835 755 3932 eompulit
767 3835 815 3898 ire
828 3837 951 3900 Iovem.
1058 3857 1095 3902 ro
