2848 4792
314 445 353 520 ⁶4
504 441 734 504 nulnum
759 437 1073 542 rasurarum

310 593 379 654 Nec
395 590 550 674 opinans,
573 602 604 652 et
618 587 779 650 sinistram
797 586 894 670 fregit
914 586 1047 671 tibiam,

312 701 400 761 Duas
414 719 489 760 cum
506 699 632 759 dextras
649 693 814 759 maluisset
828 694 975 774 perdere.

312 802 401 864 Inter
414 820 528 863 manus
541 802 701 878 sublatus,
718 805 749 859 et
764 799 903 858 multum
919 815 1053 882 gemens
1227 819 1268 862 ro

310 911 456 970 Domum
472 908 620 970 refertur.
636 905 770 986 Aliquot
786 925 911 969 menses
928 916 1111 988 transeunt,

196 1003 200 1007 ¹
310 1017 361 1077 Ad
374 1014 544 1076 sanitatem
562 1015 641 1074 dum
659 1011 748 1073 venit
766 1010 899 1073 curatio.

290 1117 293 1126 '
309 1103 353 1178 Ut
366 1128 583 1199 spectatorum
594 1136 664 1179 mos
677 1125 742 1196 est,
758 1124 789 1177 et
800 1114 947 1196 lepidum
961 1131 1080 1199 genus,

309 1221 496 1288 Desiderari
508 1221 632 1303 coepit,
646 1220 738 1283 cuius
754 1219 882 1282 flatibus

308 1329 439 1389 Solebat
449 1325 583 1408 excitari
595 1324 740 1388 saltantis
756 1323 861 1410 vigor.
897 1389 899 1393 ,

309 1431 385 1492 Erat
398 1431 540 1493 facturus
557 1431 651 1492 ludos
667 1429 801 1510 quidam
817 1426 953 1510 nobilis,

309 1532 350 1591 Et
359 1529 538 1614 incipiebat
552 1532 680 1617 ingredi
696 1531 858 1613 Princeps.
876 1531 958 1594 Eum

306 1632 450 1697 *Adduoit
462 1636 584 1717 preti0‚
604 1634 768 1718 precibus,
790 1646 826 1696 ut
844 1634 1070 1697 tantummodo

247 1757 249 1762 ·
307 1741 383 1820 Ipso
403 1741 555 1801 ludorum
571 1740 752 1801 ostenderet
768 1757 836 1803 sese
855 1740 918 1802 die.

308 1839 376 1924 Qui
389 1839 486 1902 simul
504 1837 653 1920 advenit,
670 1860 783 1902 rumor
798 1843 838 1904 de
855 1840 989 1906 tibicine
1216 1861 1254 1907 ao
1290 1871 1298 1892 ·

307 1943 430 2006 Fremit
443 1944 479 2007 in
497 1945 640 2006 theatro:
655 1943 791 2024 quidam
807 1939 970 2006 affirmant
982 1951 1147 2006 m'ortuum
1157 1989 1177 2026 ,

307 2044 451 2129 Quidam
468 2044 504 2106 in
519 2054 726 2126 conspectum
738 2045 944 2127 proditurum
957 2047 1027 2110 siue
1039 2066 1141 2109 mora.

306 2149 431 2208 Aulaeo
447 2147 561 2230 misso,
578 2148 738 2212 devolutis
754 2149 952 2234 tonitrubus,

306 2245 350 2311 Di
363 2261 439 2312 sunt
455 2249 557 2313 locuti
575 2270 666 2313 more
684 2253 884 2318 translatitio.
953 2311 978 2338 ,s

306 2355 401 2418 Tunc
410 2359 547 2438 Chorus,
558 2356 706 2442 ignotum
718 2368 750 2421 et
762 2329 1004 2426 modoreducto
1015 2361 1193 2448 misticum,
1214 2361 1250 2427 25

305 2462 481 2545 Imposuit,
493 2464 585 2527 cuius
596 2465 752 2527 haec-fuit
767 2468 944 2532 sententia:
1003 2473 1006 2481 '

305 2570 458 2650 laetare,
474 2569 647 2632 incolumis
660 2573 782 2652 Roma,
794 2575 884 2635 salvo
899 2573 1059 2658 Principe.

306 2670 345 2732 In
363 2674 494 2752 plausus
511 2686 753 2736 consurrectum
766 2687 822 2740 est.
839 2678 940 2741 lactat
953 2679 1042 2742 basia

305 2777 459 2842 Tibicen:
473 2782 630 2866 gratulari
642 2783 782 2846 fautores
794 2796 896 2865 putat.
1043 2766 1046 2771 Ι
1144 2849 1147 2853 .

304 2887 460 2966 Equester
473 2891 564 2953 Ordo
577 2893 710 2954 stultum
729 2911 871 2954 errorem
889 2891 1055 2980 intelligit,
1209 2895 1248 2954 ao

304 2996 492 3077 Magnoque
504 2996 569 3060 risu
586 2999 748 3062 canticum
764 3000 867 3083 repeti
879 3001 980 3064 iubet.

304 3094 442 3156 Iteratur
453 3097 544 3161 illud.
561 3103 671 3163 Homo
689 3123 780 3164 meus
795 3123 829 3164 se
842 3102 877 3162 in
895 3102 1024 3206 pulpito

304 3200 426 3262 Totum
439 3205 627 3282 prosternit:
642 3207 771 3288 plaudit
788 3207 930 3287 illudens
942 3209 1063 3288 Eques;

303 3303 434 3387 Rogare
449 3309 588 3387 populus
603 3310 691 3371 hunc
707 3327 861 3370 coronam
878 3308 1049 3373 existimat.

305 3406 348 3466 Ut
363 3413 440 3467 v‘ero
455 3409 564 3470 cuneis
580 3413 685 3473 notuit
699 3411 750 3474 res
763 3393 929 3496 omnibus,
1207 3411 1245 3476 35

305 3513 474 3600 Priueeps2
487 3515 588 3598 ligato
604 3538 698 3580 crure
712 3519 807 3581 nivei
823 3519 937 3600 fascia,
1093 3498 1095 3503 V

304 3617 478 3700 Niveisque
492 3621 624 3701 tunicis,
640 3623 744 3687 niveis
758 3627 856 3708 etiam
870 3624 1005 3708 calceis,

304 3724 500 3804 Superbiens
516 3728 640 3792 honore
657 3730 786 3796 divinae
803 3735 934 3810 domus,

305 3829 354 3902 Ab
371 3827 529 3896 universis
546 3833 649 3918 capite
667 3847 712 3900 est
727 3847 896 3928 protrusus
909 3835 1007 3898 foras·
