2916 4790
817 769 879 822 DE

549 923 817 1044 tuturo
859 954 1142 1045 Avttno

480 1093 835 1246 annuntium
869 1169 1203 1270 scnrt‘roun.

724 1433 963 1454 ψ

367 1603 419 1737 F
421 1688 544 1740 stvws
567 1671 742 1746 Aturus,
763 1669 941 1734 Fabulamm
964 1665 1059 1730 xut.
1084 1667 1174 1752 elegis
1196 1666 1321 1752 scripta·

366 1773 508 1844 ruwet
524 1763 703 1830 Theodosio
725 1766 842 1828 cuidam
866 1765 1092 1837 dedicatarum,
1111 1777 1238 1837 auctor,
1255 1781 1320 1842 quo

366 1859 650 1945 tempore‘vixerit,
659 1861 814 1921 'incertum
828 1874 886 1920 est.
907 1854 969 1918 Sub
983 1856 1142 1918 Antonino
1157 1854 1212 1917 Pio
1224 1870 1256 1916 et
1274 1855 1317 1917 Μ.

296 1951 300 1976 ’
363 1943 502 2018 aurelio
514 1951 651 2012 floruisse
669 1969 706 2012 ex
730 1967 771 2010 eo
790 1948 906 2029 colligit
919 1947 1120 2030 'Cartaginem
1137 1947 1169 2008 in
1188 1944 1316 2008 Dissert.

365 2043 403 2105 de
417 2055 518 2103 aetate
532 2037 645 2101 Aviani
662 2052 728 2120 cap.
743 2052 777 2098 x.
797 2051 845 2097 xr.
867 2051 929 2100 κη.
942 2038 1025 2118 quod
1034 2037 1066 2099 in
1083 2033 1268 2100 Praefatione
1278 2038 1316 2098 ad
1369 2027 1376 2042 '

364 2132 575 2196 Theodosium
592 2130 669 2191 inter
688 2129 854 2191 fabularum
875 2145 1038 2206 auctores,
1058 2149 1136 2214 quos
1158 2146 1317 2206 recenset,

368 2225 469 2292 Titiani
488 2223 671 2286 mentionem
682 2240 744 2284 non
761 2222 907 2285 iniecerit.
926 2225 1058 2285 Iulianum
1075 2240 1152 2286 vero
1165 2223 1314 2295 Titianam,

364 2323 418 2405 qui
431 2334 501 2402 post
518 2313 684 2378 Phaedrum
704 2313 819 2380 fabulas
836 2315 987 2400 scripserit
1001 2317 1168 2398 Aesopias,
1187 2317 1227 2380 ab
1248 2318 1315 2379 Au·

364 2415 454 2478 sonio
471 2410 565 2493 Epist.
579 2425 652 2470 xv1.
668 2409 706 2470 ad
722 2408 850 2472 Probum
863 2407 1037 2483 laudatum,
1056 2409 1166 2492 probat
1178 2411 1235 2472 sub
1252 2409 1314 2470 lm-

363 2505 554 2592 peratoribus
563 2500 734 2577 Caracalla,
754 2501 895 2564 Macrino
910 2517 1002 2584 atque
1020 2501 1178 2585 Elagabalo
1191 2502 1312 2568 vixisse

361 2599 442 2664 Cum
460 2596 552 2679 igitur
571 2594 652 2655 inter
667 2593 835 2655 Phaedrum
859 2607 892 2656 et
913 2609 1001 2654 suum
1025 2590 1160 2654 seculum
1176 2590 1321 2654 Avianus'
1447 2633 1448 2666 p

361 2689 475 2754 nullum
489 2702 584 2769 ponat
597 2682 763 2746 fabularum
780 2701 957 2762 auctorem
977 2682 1117 2748 Titianus
1131 2678 1231 2746 autern
1241 2701 1313 2766 pto·
1446 2709 1447 2735 t

274 2779 276 2784 ’
360 2784 458 2846 ximus
468 2791 571 2840 aetate
588 2774 725 2838 Phaedro
742 2775 800 2852 sit,
823 2776 908 2858 isque
928 2779 968 2840 ab
980 2779 1105 2842 Avieno
1124 2796 1189 2841 nort
1202 2793 1314 2840 memo·
1445 2795 1446 2803 ¹

256 2925 264 2945 t
359 2890 458 2940 retur:
480 2871 552 2932 hinc
571 2868 662 2930 efficit
686 2868 904 2950 Cannegieten
932 2873 1103 2948 Avianunt,
1124 2887 1162 2934 ut
1178 2870 1312 2936 Phaedro
1444 2855 1445 2871 ¹

265 2951 274 2991 ²
322 2969 325 2976 '
358 2965 506 3027 minorem
516 2971 635 3032 aetate,
653 2957 697 3020 ita
707 2957 850 3020 maiorem
866 2958 959 3023 fuisse
974 2963 1165 3048 prioremque
1176 2961 1309 3025 Titiano.

276 3059 283 3114 i
359 3057 453 3120 Serus
472 3065 574 3116 autent
590 3049 682 3111 sentit
706 3050 897 3130 Wemsdoqius
918 3051 950 3114 in
968 3053 1056 3137 Disp,
1071 3057 1110 3118 de
1130 3053 1312 3117 carminibus
1440 3095 1441 3098 ,

358 3146 488 3220 Avieni,
504 3141 595 3206 Tom.
614 3140 655 3203 V.
675 3131 838 3204 Poetarum
853 3140 1030 3206 Latinortun
1044 3145 1211 3222 minorum,
1232 3145 1308 3210 Part.

356 3256 396 3306 11.
414 3257 480 3322 pag.
499 3235 569 3316 ⁶65.
592 3252 677 3315 seqq.
695 3231 839 3318 praefixa.
855 3258 887 3294 m
894 3233 1077 3314 Enimvero,
1097 3240 1214 3321 inquit,
1232 3239 1309 3301 haec

356 3327 521 3414 disputatio
540 3324 738 3389 fundamento
756 3325 919 3390 admodum
936 3328 1058 3393 infirmo
1074 3332 1196 3406 nititur,
1216 3330 1309 3412 idque

355 3425 475 3489 duobus
485 3419 613 3482 maxime
623 3418 706 3480 vitiis
719 3417 853 3482 laborat:
870 3421 967 3504 primo
979 3425 1118 3505 quidem,
1135 3422 1218 3506 quod
1225 3421 1309 3486 ean·

354 3517 527 3600 negieterus
539 3510 693 3573 Avianum
709 3501 857 3593 exiitimat
870 3513 901 3574 in
914 3516 1101 3597 praefatione
1119 3517 1226 3580 seriem
1239 3534 1309 3578 om·

353 3601 619 3678 nium'fabutarum
629 3621 789 3666 auctorum
805 3606 844 3667 ad
865 3625 919 3670 sua
935 3629 1033 3693 usque
1051 3627 1186 3694 tempora
1199 3626 1308 3672 recen.
1431 3689 1432 3692 Ἴ

263 3713 267 3724 “
353 3722 421 3772 sere
443 3699 593 3774 voluisse3
613 3697 722 3759 deinde
740 3699 823 3777 quod
840 3705 1034 3781 praeteritum
1052 3704 1091 3767 ab
1105 3704 1228 3767 Aviano
1239 3700 1308 3762 Ta.

351 3800 467 3862 tianum
480 3790 573 3854 falsae
588 3788 717 3870 assignat
731 3805 849 3850 causae.
869 3793 1009 3857 Avianus
1027 3812 1061 3858 ut
1085 3795 1241 3858 materiam
1258 3790 1306 3856 ta·

124 3948 130 3959 .
168 3901 176 3926 ‘
309 3871 312 3877 ’
330 3890 529 3960 =turruma
551 3898 584 3946 se
600 3896 769 3964 susceptam
788 3885 998 3967 commendet,
1016 3885 1102 3950 ducis
1125 3901 1157 3949 et
1174 3883 1306 3950 auctoris
