2750 4782
245 389 247 398 ’
335 386 392 450 166
474 451 478 458 ,
623 381 994 453 ΡΠΒῙᾸΙέἱΥΙὶΙΔ
1152 389 1290 448 v.23.

328 527 426 588 Amos
437 529 623 610 parentem,
635 521 663 586 si
676 543 799 604 aequius
813 525 874 601 θείς
887 525 917 588 si
932 525 1040 608 aliter,
1057 527 1166 591 feras-

328 632 452 714 Amicis
469 651 509 697 eo
524 631 629 719 magis
643 634 714 712 des,
732 649 801 714 quo
815 633 899 696 nihil
914 637 1023 720 habes.

328 734 481 800 Amicitia
498 755 593 818 pares
607 745 663 798 aut
680 736 814 818 accipit,
835 747 892 799 aut
904 737 990 802 facit.

329 838 481 904 Amicitia
498 861 628 923 semper
644 843 789 923 prodest,
805 861 900 904 amor
913 852 945 904 ct
960 850 1063 904 nocet.

328 941 503 1008 Amicitiae
522 946 697 1032 coagulum
716 945 851 1008 unicum
865 956 913 1010 est
926 945 1016 1010 fides
1056 991 1060 1010 .

328 1046 436 1110 Amici
454 1047 533 1110 vitia
553 1047 618 1112 nisi
631 1047 735 1130 ieras,
755 1043 835 1110 facis
854 1057 920 1110 tua.

329 1151 437 1216 Amici
452 1151 532 1215 vitia
550 1152 577 1216 si
589 1153 691 1234 feras,
708 1153 789 1218 facis
805 1164 876 1230 tua„
959 1221 974 1244 ·.

328 1257 436 1322 Amici
451 1256 532 1320 vitia
548 1256 698 1339 noveris,
714 1277 783 1326 nor
801 1257 920 1322 oderis.

324 1360 501 1440 Amicum,
516 1379 559 1424 aa
577 1381 700 1426 nomen
715 1363 846 1439 habeas,
866 1361 972 1443 aperit
990 1361 1178 1427 calamitas.

328 1464 481 1528 Amicum
494 1457 640 1544 laedere,
661 1487 704 1530 ne
721 1467 795 1530 ioco
809 1466 944 1546 quidem
957 1466 1043 1528 licet.

329 1564 481 1628 Amicum
495 1569 648 1649 perdere,
666 1579 714 1631 est
731 1565 927 1632 damnorum
942 1561 1133 1630 maximum.

328 1671 431 1732 Amor
445 1671 631 1751 extorqueri
645 1692 713 1736 non
727 1684 824 1756 pote,
844 1673 931 1764 elabi
948 1681 1034 1754 pote.

329 1775 445 1839 Amori
462 1753 562 1838 fin'em
581 1785 726 1861 tempus,
745 1798 813 1840 non
831 1777 959 1840 animus
973 1777 1060 1841 facit.

328 1875 592 1939 Amorisvulnus
609 1876 713 1958 idem,
731 1877 917 1958 qui'sanat,
936 1877 1025 1940 facit.

330 1981 431 2042 Amor
446 1965 576 2044 niisceri
594 1962 670 2045 cum
689 1978 806 2044 timore
822 2000 890 2043 non
909 1990 1023 2065 potest.

243 2156 245 2160 ¹
331 2087 432 2144 Amor
450 2082 573 2146 otiosae
590 2103 685 2148 causa
704 2075 943 2150 sollicitudinis·
1257 2092 1297 2150 38

331 2187 451 2267 Amor,
467 2196 504 2248 ut
517 2187 669 2268 lacrima,
688 2183 791 2285 oculis
803 2182 925 2268 oritur',
944 2183 980 2249 in
989 2193 1101 2267 peetus
1114 2188 1220 2252 cadit.

248 2327 271 2380 ᾗ
330 2291 477 2376 Angusta
488 2293 620 2374 capitur
633 2292 732 2355 tutior
749 2288 862 2355 titensa
875 2291 976 2356 cibus·

331 2393 443 2458 Animi
458 2395 593 2460 arbitrio
608 2417 702 2459 emor
717 2396 872 2477 sumitur,
889 2417 955 2459 non
968 2387 1112 2479 ponitur.

295 2541 297 2548 ι
330 2499 449 2566 Animo
462 2501 587 2565 dolenti
605 2500 689 2564 nihil
707 2507 837 2585 oportet
857 2501 999 2563 credere.

331 2607 452 2668 Animo
472 2605 648 2688 imperabit
663 2603 809 2687 sapiens,
833 2605 949 2690 stultus
956 2604 1091 2670 serviet.

330 2711 451 2774 Animo
468 2711 577 2773 virum
595 2711 747 2794 pudicae,
767 2729 834 2776 non
854 2715 969 2797 oculo,
987 2708 1125 2800 eligunt.

269 2893 270 2898 ἵ
329 2813 468 2879 Animus
482 2833 580 2905 aeger
593 2819 706 2879 turbae
720 2819 856 2901 praebet
871 2823 1102 2902 spectaculum.

329 2921 486 3005 Animus,
505 2921 614 2986 vereri
628 2923 687 3004 qui
703 2923 778 3005 scit,
793 2922 853 2987 scit
868 2935 937 2988 tuta
950 2925 1090 3010 ingredi.

329 3024 466 3090 Animus
480 3023 642 3108 hominis,
654 3025 895 3110 quidquidtibi
909 3028 1062 3114 imperat,
1077 3029 1217 3095 obtinet.

257 3179 261 3186 .
328 3132 480 3196 Arnosus
498 3151 566 3194 non
583 3131 640 3193 diu
657 3131 756 3207 rixit3
777 3132 835 3195 diu
850 3135 922 3197 fuit.

328 3231 435 3312 Anus,
455 3254 530 3295 cum
548 3231 649 3312 ludit,
668 3233 766 3296 morti
783 3235 916 3300 delicias
931 3238 1017 3302 tacit

303 3365 311 3370 -
328 3334 448 3414 Aperte
459 3333 545 3396 mala
557 3351 630 3395 cum
643 3345 690 3397 est
699 3338 836 3419 mulier,
848 3341 917 3404 tum
926 3343 1059 3404 demum
1070 3345 1224 3409 estboua.

258 3507 261 3512 Δ
327 3440 449 3501 Areum
460 3435 600 3500 intensio
615 3440 754 3525 frangit,
767 3445 915 3508 animum
931 3449 1086 3511 remissio.

327 3543 389 3604 Ars
400 3560 467 3604 non
480 3561 518 3604 ea
526 3551 596 3624 est,
612 3558 696 3622 quae
707 3547 750 3608 ad
762 3545 913 3615 effectum
928 3574 1003 3618 casu
1021 3553 1120 3616 vonit.

265 3651 268 3657 '
328 3644 480 3727 Aspicere
493 3655 638 3730 oportet,
655 3648 817 3732 quidquid
836 3657 920 3720 nolis
938 3660 1084 3738 perdere.

329 3751 438 3814 Ataeo
450 3749 533 3830 quid
544 3750 624 3815 mali
636 3761 747 3837 optes,
766 3757 830 3823 nisi
845 3767 879 3820 ut
893 3759 982 3822 vivat
997 3756 1074 3820 diui
