2750 4782
394 396 761 490 sssmmnnm.
802 431 922 510 ene.
1003 432 1063 511 ·169

108 570 258 638 Cavendi
274 569 366 633 nulla
382 580 429 632 est
445 569 639 640 dimittenda
655 568 793 632 occasio.

108 681 200 740 Cave
215 698 255 738 ne
272 675 450 756 quidquam
468 677 623 760 incipias,
639 675 728 758 quod
747 688 819 760 post
833 677 1008 761 poeniteat.

109 780 256 842 Cicatrir
271 781 488 844 eonscientiae
507 801 568 864 pro
583 786 720 845 vulnere
734 793 792 846 cst.

110 886 216 950 Citius
228 886 315 950 venit
328 886 527 968 periculum,
544 907 619 948 eum
638 887 870 956 contemnitur.

111 994 186 1072 Cito
197 993 378 1079 ignominia
395 992 431 1054 fit
447 993 580 1074 superbi
593 995 709 1078 gloria.

11 1093 14 1098 ’
111 1097 188 1159 Cito
201 1097 427 1183 improborum
440 1098 523 1157 laeta
536 1097 578 1157 ad
593 1095 770 1178 perniciem
786 1099 917 1159 cadunt.

106 1201 229 1264 Civilis
247 1201 327 1263 belli
344 1201 485 1282 oblivio,
499 1201 643 1263 defensio
661 1212 718 1264 est.

114 1311 221 1394 Coges
238 1319 401 1371 amantem
416 1309 527 1390 irasci,
541 1329 651 1372 amare
663 1332 690 1374 sr
682 1309 791 1374 'velis
850 1343 853 1357 ·

114 1415 231 1474 Comes
248 1413 431 1476 facundus
421 1435 458 1476 rn
475 1411 528 1474 via
540 1433 602 1496 pro
619 1413 772 1476 vehiculo
788 1421 845 1476 est

111 1515 308 1579 Coniunctio
323 1516 429 1603 animi
443 1515 588 1578 maxima
604 1525 650 1578 est
667 1516 830 1600 cognatio.
891 1585 896 1596 ,

111 1622 336 1686 Conscientiae
356 1623 481 1706 potius,
499 1643 600 1706 quam
615 1621 737 1702 famae,
758 1622 944 1688 attenderis.

110 1731 301 1824 Considera²
319 1733 399 1813 quid
416 1733 521 1813 dieas,
542 1753 610 1794 non
626 1732 708 1812 quid
721 1734 864 1816 cogites.

111 1836 315 1906 Consilium
306 1838 480 1898 inveniunt
500 1836 679 1915 muit17sed
695 1837 781 1896 docti
801 1833 992 1916 explicant.

112 1913 258 2000 Consilio
276 1939 391 2022 melius
408 1941 537 2024 vincas,
554 1962 653 2022 quam
668 1941 850 2006 iracundia.

113 2047 274 2106 Consueta
289 2044 369 2106 vitia
384 2043 534 2123 ferimus,
554 2063 621 2105 non
640 2043 952 2124 reprehendimus.
984 2056 986 2061 '
1018 2025 1020 2042 Ι
1056 2019 1063 2034 .

112 2147 287 2210 Contemni
302 2149 433 2235 gravius
451 2149 630 2232 sapientiae
645 2159 706 2230 est,
726 2170 825 2232 quam
841 2147 978 2232 percuti.
1008 2153 1061 2210 131
1123 2203 1133 2239 x.

113 2259 286 2322 Contemni
302 2260 405 2324 levius
427 2239 659 2342 stultitiae⁵est,
676 2277 776 2340 quam
795 2259 931 2342 percuti.

114 2363 235 2428 Contra
252 2367 382 2430 felicem
401 2368 457 2430 vix
475 2370 563 2430 Deus
579 2367 664 2448 vires
681 2368 790 2428 habet.
824 2419 826 2424 ,
865 2411 867 2416 ,

113 2473 234 2530 Contra
250 2470 474 2552 impudentem
493 2474 590 2532 stulta
608 2481 654 2532 est
667 2469 768 2536 nimia
779 2468 975 2554 ingenuitas.

114 2578 245 2639 Crimen
258 2578 413 2659 relinquit
426 2578 535 2676 vitae2
546 2577 605 2658 qui
623 2585 761 2638 mortem
777 2573 912 2661 appetit.

114 2684 287 2744 Crudelem
303 2683 480 2750 medicum
489 2672 710 2764 intemperans
729 2703 826 2778 aeger
842 2668 930 2745 facil.
1004 2691 1025 2749 ,“

114 2787 261 2850 Crudelis
275 2800 339 2870 est,
357 2789 546 2869 musonis,
566 2811 624 2868 qur
615 2787 795 2850 infantem
804 2797 910 2898 noent.

91 2928 93 2931 -
113 2892 260 2956 Crudelrs
269 2903 316 2956 est
332 2894 369 2956 in
383 2916 418 2957 re
432 2897 578 2958 adversa
584 2895 825 2978 obiurgatio..

112 2997 258 3061 Crudelis
273 2999 416 3064 lacrimis
432 3001 590 3084 pascitur,
605 3021 673 3063 non
687 2999 860 3085 frangitur.

112 3102 171 3164 Cui
185 3104 270 3168 nolis
282 3127 379 3188 saepe
388 3103 502 3188 irasci,
516 3106 665 3170 irascaris
675 3107 786 3172 semel·

112 3210 170 3272 Cui
184 3216 393 3280 omnesbene
407 3215 539 3296 dicunt,
555 3216 699 3298 possidet
714 3213 944 3296 populibona.

96 3396 100 3403 ι
114 3315 173 3376 Cui
186 3317 260 3396 plus
272 3318 363 3402 licet,
378 3341 477 3400 quam
485 3329 548 3402 par'
557 3331 618 3401 est,
629 3321 702 3402 plus
714 3321 801 3398 vult,
812 3337 912 3398 quam
922 3313 1008 3378 licet.

114 3420 173 3481 Cui
187 3443 313 3503 semper
327 3425 473 3506 dederis,
488 3425 547 3488 nbi
561 3445 677 3512 negas,
690 3445 805 3506 rapere
820 3422 974 3504 imperas.
1036 3456 1052 3514 Ιι

114 3523 222 3588 Cuivis
232 3537 336 3612 potest
349 3530 513 3611 accidere,
523 3533 621 3612 ,quod
635 3530 789 3609 cuiquam
808 3535 923 3609 potest.

78 3653 81 3658 ·
114 3627 223 3690 Cuivis
238 3629 345 3690 dolori
364 3636 542 3718 remedium
560 3647 606 3699 est
624 3635 791 3718 patientia.

115 3733 194 3793 Cum
206 3752 310 3806 altres,
330 3754 397 3795 non
408 3737 529 3818 sapias;
545 3750 600 3799 aut
613 3739 687 3801 cnm
698 3738 823 3818 sapias,
837 3755 905 3796 non
917 3749 1015 3794 ames.

114 3839 195 3898 Cum
207 3839 264 3901 das
274 3857 372 3930 avaro
387 3841 590 3924 praemium,
602 3855 637 3904 ut
649 3850 780 3922 noceat,
797 3861 901 3926 rogas.
