2848 4792
151 535 156 545 ,
226 491 234 510 2
324 418 379 519 '⁵0
540 391 1087 516 annuuntrnnunnnun

338 593 487 658 Se'cundo
501 592 659 673 ostendit,
676 591 796 654 scelera
810 608 878 652 non
891 588 940 652 iri
951 587 1077 672 Deum,

338 703 491 761 Fatorum
508 695 596 758 dioto
614 697 672 760 sed
688 693 802 777 puniri
818 705 981 776 tempore:

337 797 517 868 Novissime
529 799 709 880 interdicit,
725 819 768 861 ne
779 819 853 860 cum
875 798 1025 862 malefico
1266 818 1318 863 πο

337 917 440 977 Usum
453 915 560 975 bonus
574 899 737 974 consociet
751 908 850 972 ullius
862 906 924 970 rei.

508 1061 511 1065 ¹
583 1069 887 1220 tanuen
935 1113 1040 1186 x11.

526 1288 688 1342 nanas
712 1258 821 1340 ussa
849 1289 1086 1342 mvrrrns.

270 1507 276 1523 ,
339 1401 452 1515 Ores
465 1444 590 1508 invisae
603 1444 720 1508 merito
735 1452 812 1506 sunt
825 1442 903 1506 forti
915 1442 1003 1525 vim,

336 1553 423 1636 Quia
438 1551 527 1613 dives
539 1570 614 1612 arca
628 1567 740 1612 veram
752 1550 883 1611 laudem
899 1547 1075 1630 intercipit.

376 1660 477 1720 Coelo
494 1664 641 1738 receptus
657 1663 792 1738 propter
808 1654 960 1717 virtutem
976 1653 1149 1736 Hercules,

337 1767 421 1826 Cum
431 1764 630 1848 gratulantes
644 1763 869 1844 persalutasset
884 1763 988 1840 Deos;
1183 1747 1186 1756 ¹
1234 1747 1239 1762 ⁸

335 1868 496 1933 Veniente
511 1869 622 1946 Pluto,
642 1866 700 1948 qui
716 1852 879 1930 Fortunae
891 1865 938 1931 e‘st
952 1866 1058 1952 filius,
1261 1871 1282 1932 5
1310 1897 1315 1904 ·

336 1975 460 2039 Avertit
474 1979 595 2039 oeulos.
614 1979 752 2039 Causam
765 1973 924 2058 quaesivit
940 1986 1042 2058 pater.
1136 2059 1137 2062 Ἴ

337 2081 419 2162 odi,
430 2081 554 2163 inquit,
571 2081 685 2162 illum,
702 2081 780 2162 quia
795 2081 890 2144 malis
907 2081 1030 2144 amicus
1042 2089 1106 2164 est,

336 2189 506 2270 Simulque
524 2188 652 2266 obiecto
666 2197 781 2252 cuncta
793 2187 973 2272 corrumpit
986 2188 1089 2250 lucro.

565 2387 594 2460 F
619 2386 651 2458 Α
675 2386 703 2456 Β
727 2386 759 2458 U
782 2385 813 2458 L
836 2385 869 2456 A
916 2387 1049 2462 XIII.

631 2559 722 2611 nso
749 2504 1002 2614 nsounns's

337 2667 500 2789 Uriuus
512 2713 641 2778 homini
656 2713 740 2777 nihil
750 2725 814 2797 est,
833 2736 931 2796 quam
945 2725 1031 2780 recte
1042 2717 1134 2802 loqui
1142 2740 1154 2798 5
1170 2736 1175 2748 ’

336 2823 509 2888 Probanda
525 2821 649 2885 cunctis
665 2832 713 2884 est
727 2821 861 2903 quidem
876 2824 1054 2909 sententia,

335 2935 399 2998 Sed
417 2935 459 2994 ad
476 2927 655 3015 perniciem
667 2930 750 2993 solet
766 2929 822 3015 agi
837 2929 1013 2994 sinceritas.

317 3023 320 3036 ⁸
377 3027 459 3105 Curn
477 3063 511 3104 se
527 3041 672 3107 terarum
685 3059 797 3126 regem
815 3038 940 3102 fecisset
954 3040 1039 3120 Leo,

336 3151 376 3210 Et
386 3146 557 3226 aequitatis
570 3146 667 3209 vellet
678 3143 801 3207 famam
814 3143 986 3227 consequi,

292 3281 295 3296 ·
336 3257 365 3316 A
381 3252 516 3336 pristina
528 3251 658 3314 deflexit
678 3250 927 3332 consuetudine,

335 3360 441 3438 Atque
456 3358 541 3418 inter
556 3357 629 3422 illas
642 3360 733 3420 tenui
749 3370 918 3424 contentus
936 3359 1029 3443 cibo,

333 3463 452 3526 ¹Sancta
465 3461 653 3541 incorrupta
664 3462 734 3524 iura
745 3467 901 3528 reddebat
917 3464 991 3527 fide.

337 3569 512 3646 Postquam
526 3565 637 3628 labare
654 3568 760 3648 coepit
776 3571 978 3652 poenitentia

696 3697 718 3740 ο
795 3699 817 3742 ο
892 3701 914 3744 ο

652 3801 789 3868 Desunt
807 3797 951 3883 reliqua.
984 3841 989 3854 ·
