2848 4792
445 443 768 514 FABULAE,
1016 471 1075 532 ¹¹9

122 591 241 654 Cetera
253 590 399 654 sordenti
416 593 575 654 damnans
588 591 744 657 animalia
757 594 850 658 vultu
1055 598 1073 660 ὅ

166 697 260 760 Solus
269 695 311 758 in
329 698 516 796 exemplum
533 694 713 760 nobilitatis
728 707 808 760 erat.

121 800 225 864 Hunc
237 809 352 884 arguta
367 817 455 861 novo
466 801 663 884 gaudentem
680 799 798 892 Vulpis
810 801 931 866 amictu
1050 827 1055 835 ·

168 905 328 988 Corripit,
340 916 372 968 et
392 925 492 968 vanas
509 908 670 986 approbat
682 925 749 968 esse
764 918 869 971 notas.

125 1010 237 1091 Vade,
248 1011 311 1091 ait,
324 1021 356 1073 et
375 1009 482 1092 pictae
496 1009 638 1070 nimium
652 1007 781 1072 confide
793 1010 969 1094 iuventae,

168 1119 257 1179 Dum
271 1117 355 1179 mihi
366 1115 541 1180 consilium
558 1115 728 1196 pulchrius
744 1107 811 1182 ease
822 1129 929 1199 queat.
1042 1139 1079 1186 ro

127 1219 355 1301 Miremurque
365 1219 580 1306 magis9quos
596 1240 732 1284 munera
748 1221 867 1286 mentis
877 1222 1055 1306 adornant,

171 1327 280 1410 Quam
291 1325 350 1407 qui
363 1324 528 1410 corporeis
545 1326 691 1390 enituere
706 1327 810 1392 bonis.

358 1518 666 1591 FABULA
713 1521 856 1610 xm„

351 1677 354 1682 '
391 1691 545 1746 runnu
569 1693 626 1745 nr
652 1693 816 1747 ruera.
856 1729 864 1750 κ

130 1808 305 1936 Iurursus
319 1855 425 1919 ventis
441 1865 474 1919 ct
488 1875 598 1940 pressa
615 1859 702 1919 uuhe
715 1866 879 1940 coactus„
915 1825 920 1844 x
953 1877 955 1881 ’

172 1965 320 2044 Ruperat
334 1963 482 2027 hibernis
499 1985 535 2026 se
549 1961 657 2050 gravis
672 1961 780 2024 imber
796 1962 901 2042 aquis.

132 2066 283 2145 Cumque
295 2087 355 2148 per
366 2059 483 2130 effusas
493 2073 658 2154 stagnaret
671 2063 800 2126 turbine
811 2075 930 2145 terras,

173 2167 364 2248 Expositum
376 2169 500 2251 campis
513 2167 614 2232 fictile
625 2166 741 2250 pressit
759 2185 858 2250 opusc
884 2247 890 2256 ,

133 2269 283 2354 (Mobile
296 2293 439 2354 namque
449 2275 557 2338 lutum
569 2272 698 2359 tepidus
709 2271 801 2356 prius
811 2270 943 2336 instruit
953 2275 1027 2355 a'e'r,
1063 2273 1080 2334 t

157 2413 159 2420 ,
173 2375 285 2438 Discat
299 2386 335 2439 ut
345 2379 478 2441 admoto
489 2377 608 2444 rectius
618 2378 697 2462 igue
709 2377 839 2462 coqui.)
872 2424 878 2440 .

134 2481 229 2543 Tunc
242 2480 378 2545 Nimbus
391 2481 517 2570 fragilis
530 2479 692 2566 perquirit
703 2480 840 2545 nomina
852 2490 961 2546 testae.

175 2582 353 2658 Immemor
368 2583 426 2648 illa
442 2584 510 2665 sui,
523 2586 691 2666 Amphora
703 2582 816 2666 dicor,
828 2584 892 2647 ait:

134 2688 217 2750 Nam
235 2707 288 2750 me
302 2689 399 2752 docta
412 2709 547 2769 manus,
559 2687 709 2772 rapiente
720 2685 890 2750 volumina
900 2705 1003 2773 gyro,

176 2792 321 2856 Molliter
339 2792 511 2874 obliquum
522 2792 614 2858 iussit
627 2794 750 2856 habere
766 2794 860 2856 latus.
965 2781 970 2791 ’
1047 2811 1086 2854 ιο

136 2885 301 2963 Hactenus
314 2903 391 2982 hac,
407 2899 534 2982 inquit,
549 2899 646 2962 liceat
661 2906 808 2963 constare
823 2896 943 2986 figurat
1072 2897 1077 2902 ”

175 3001 246 3062 lam
261 3012 292 3064 te
307 3001 487 3085 subiectam
501 3000 604 3065 diluet
618 3003 726 3065 Imber
736 3001 841 3083 equis.
902 3079 905 3084 Ι
932 3077 937 3085 ¹

133 3103 177 3175 Et
184 3101 284 3166 simul
294 3095 429 3188 accepto
440 3104 616 3168 violentius
631 3125 728 3168 amne
744 3104 896 3169 fatiscens

163 3206 316 3272 'Pr0uior
329 3209 365 3272 in
381 3217 495 3274 leuues
504 3209 593 3273 victa
610 3210 753 3274 cucurrit
766 3231 876 3292 aquas.

137 3313 276 3396 infelix,
291 3335 375 3397 quae
388 3337 510 3403 magua
522 3315 586 3380 sibi
598 3317 795 3404 cognomina
805 3333 952 3397 sumens,
975 3381 977 3392 ,
1051 3315 1087 3377 rt

178 3419 263 3479 Ausa
280 3411 472 3500 pharetratis
489 3422 654 3486 Imbribus
667 3421 728 3486 ista
742 3420 846 3502 loqui.
918 3460 920 3465 -

139 3521 230 3582 Haec
241 3529 394 3602 poterunt
402 3527 538 3606 posthac
549 3526 685 3590 miseros
699 3527 849 3610 exempla
859 3545 1009 3608 mouere,

163 3685 165 3690 s
181 3621 318 3686 Subdita
331 3626 497 3694 nobilibus
509 3641 546 3698 ut
558 3651 617 3696 sua
628 3633 695 3697 lata
706 3641 849 3722 gemant.
