2848 4792
317 419 358 497 7⁶
497 376 502 408 '
577 411 973 475 arrauorr
1062 413 1089 492 j

313 557 402 636 Heu,
418 551 525 634 inquit
539 573 640 632 unus,
655 562 731 614 sunt
746 560 777 612 et
792 549 864 631 alii,
877 519 958 628 ouos
971 529 1070 614 timor

312 666 418 730 Vexat
433 664 606 724 malorum.
619 663 716 725 ferte
731 659 849 737 uitam,
863 655 1019 736 utoeteri.
1229 681 1273 723 10

567 797 1003 922 rasura1m

468 1080 469 1083 ,
541 1022 712 1076 VULPIS
740 1022 796 1073 ΕΤ
821 1021 1039 1074 IUPITER.

316 1139 505 1254 Naeuam
517 1195 645 1272 turpem
659 1184 750 1249 nulla
765 1177 898 1250 fortuna
914 1185 1046 1271 obtegit.
1099 1219 1104 1234 ι

353 1295 542 1354 Humanam
559 1289 595 1352 in
607 1290 748 1373 speeiem
760 1310 834 1351 cum
848 1289 994 1352 vertisset
1007 1287 1131 1370 Iupiter

314 1398 475 1477 Vulpem,
494 1391 597 1477 regali
612 1393 720 1472 pellex
738 1402 773 1454 ut
790 1390 872 1465 sedit
888 1393 1025 1470 throno,

314 1501 530 1562 scarabaeum
546 1495 630 1557 vidit
642 1508 873 1579 prorepentem
886 1493 927 1559 ex
937 1497 1079 1580 angulo,

226 1633 251 1656 a
302 1593 498 1680 'Nolamque
516 1603 559 1661 ad
575 1601 733 1681 praedam
744 1600 842 1662 celeri
857 1596 1005 1680 prosiluit
1019 1597 1136 1682 gradu.
1248 1597 1266 1656 5

316 1702 432 1786 Superi
444 1704 559 1782 risere,
573 1721 710 1787 magnus
724 1698 853 1765 erubuit
871 1712 979 1784 pater,

315 1807 533 1890 Repudiatam
548 1815 741 1888 turpemque
757 1805 911 1886 pellicem
925 1803 1064 1886 expulit3

191 1968 201 1982 „
315 1911 374 1972 His
390 1917 594 1992 prosecutus:
616 1907 716 1989 Vive,
731 1928 797 1988 quo
815 1907 915 1992 digna
928 1927 978 1987 es,
992 1907 1107 1987 modo,
1174 1960 1177 1970 ,

317 2017 410 2100 Quae
426 2016 544 2082 nostris
561 2016 610 2080 uti
620 2015 745 2086 meritis
762 2015 861 2104 digne
877 2034 945 2078 non
957 2001 1059 2095 potes.
1087 2075 1090 2078 .

573 2175 1005 2308 rasuraru

637 2385 729 2440 LEO
760 2388 817 2440 ΕΤ
843 2385 950 2440 Mus.

318 2504 395 2617 Na
408 2553 480 2634 quis
496 2552 639 2617 minores
658 2555 781 2636 laedat,
799 2553 912 2618 fabula
928 2555 1010 2617 haee
1027 2560 1147 2618 monet.

357 2655 513 2717 Leonein
526 2655 609 2717 silva
620 2655 818 2734 dormiente,
837 2654 948 2718 rustici

317 2759 541 2822 Luxuriabant
554 2761 676 2840 Mures,
691 2767 722 2821 et
731 2780 817 2822 unus
834 2779 875 2821 ex
889 2759 930 2822 iis

319 2861 423 2944 Super
440 2864 613 2950 cubantem
626 2885 699 2928 casu
717 2867 862 2946 quodam
877 2854 1013 2927 transiit.

141 2976 144 2986 '
186 2993 187 3002 ¹
223 3033 227 3042 ,
318 2968 569 3055 Expergefaetus
586 2969 742 3033 miserum
758 2971 824 3032 Leo
837 2967 935 3056 eeleri
950 2968 1076 3050 impetu
1247 2969 1263 3028 5

318 3072 482 3153 Arripuit:
506 3071 563 3136 ille
580 3072 712 3134 reniam
728 3071 792 3134 sibi
809 3071 880 3131 dari
893 3079 1005 3156 rogat,

320 3177 453 3240 Crimen
465 3181 603 3260 supplex
614 3179 750 3259 fatetur,
768 3184 938 3260 peecatum
954 3169 1200 3256 imprudentiae.

319 3283 392 3342 Hoc
407 3301 465 3342 rex
475 3281 588 3344 ulcisci
604 3283 783 3365 gloriosum
798 3300 866 3342 non
881 3291 1017 3362 putans,

225 3387 227 3393 '
311 3385 451 3469 ¹Ignovit
468 3395 500 3446 et
512 3385 734 3449 dimisitaePost
747 3408 869 3475 paucos
884 3387 953 3448 dies

318 3493 402 3572 Leo,
415 3492 494 3551 dum
505 3501 643 3575 vagatur
655 3503 767 3573 noctu,
784 3494 819 3556 in
831 3495 961 3556 foveam
975 3493 1105 3558 decidit
1228 3513 1265 3554 10

318 3597 457 3675 Captum
469 3603 504 3654 ut
513 3611 547 3655 se
562 3593 695 3678 agnovit
705 3597 846 3680 laqueis,
862 3620 942 3662 voce
954 3603 1098 3662 maxima

319 3695 443 3782 Rugire
455 3696 579 3780 coepit3
596 3697 687 3760 euius
697 3691 881 3764 'immanem
898 3705 940 3763 ad
956 3671 1072 3764 sonum

319 3807 393 3870 Mus
401 3805 509 3870 subito
519 3826 708 3872 accurrens:
720 3812 793 3874 Non
802 3819 860 3894 est,
882 3813 972 3892 quod
983 3812 1112 3893 timeas,
1126 3810 1188 3893 ait,
