2848 4792
287 415 955 482 risunsnunresormnnu.
1060 439 1098 499 ,ι

140 565 311 652 Beneficio
327 583 450 650 magno
459 561 600 649 gratiam
614 563 755 626 reddam,
766 567 890 644 parem.

142 679 229 738 Mox
246 693 358 736 omnes
370 681 475 751 artus,
486 680 617 732 artuum
634 679 664 732 et
677 666 838 752 ligamina
1061 669 1100 730 25

141 782 301 842 Lustrare
319 778 442 862 coepit,
462 776 676 862 cognitosque
693 773 846 838 dentibus

144 887 277 947 Nervos
291 884 438 945 rodendo
455 883 542 944 laxat
558 879 692 967 ingenia
712 887 855 942 artuum.

71 1052 73 1056 .
146 989 205 1054 sic
220 999 350 1074 captum
363 991 436 1052 Mus
450 987 594 1091 iconem
607 984 697 1050 silvis
713 983 866 1091 reddidit.

431 1121 516 1243 r‘n
540 1171 569 1242 Β
594 1170 625 1242 υ
652 1169 682 1241 u
707 1169 739 1240 A
787 1171 831 1242 v.

398 1344 532 1436 HQMO
558 1343 615 1394 ET
641 1341 868 1398 ARBORES·

113 1507 116 1558 ἶ
149 1465 342 1593 Pnnaurr,
356 1509 422 1576 suis
441 1509 601 1574 auxilium
617 1509 676 1590 qui
690 1514 768 1576 dant
784 1511 943 1576 hostibus.

192 1620 289 1679 Facta
305 1616 442 1700 bipenni
457 1617 593 1698 quidam
606 1617 648 1678 ab
659 1616 831 1680 arboribus
845 1617 945 1700 petit,
1059 1619 1063 1638 ”

145 1723 368 1786 Manubrium
379 1733 415 1784 ut
427 1724 544 1784 darent
554 1742 573 1783 e
583 1719 689 1806 ligno,
702 1723 792 1800 quod
808 1721 892 1784 foret
1016 1727 1024 1752 “

145 1830 317 1892 Firmum:
332 1831 495 1892 iusserunt
510 1846 625 1888 omnes
637 1827 811 1888 oleastrum
825 1824 910 1888 dari.

147 1934 287 2015 Accepit
301 1953 437 2010 munus,
453 1943 569 2012 aptans
586 1939 616 1992 et
636 1929 846 1992 manubrium
1087 1930 1105 1990 5

148 2039 271 2120 Coepit
280 2037 385 2101 securi
400 2055 520 2124 magna
536 2035 683 2100 excidere
697 2039 826 2098 robora.

149 2144 309 2220 Dumque
325 2141 482 2228 eligebat,
499 2161 583 2222 quae
597 2142 712 2222 vellet,
730 2139 777 2203 sic
791 2139 932 2202 Fraxino

150 2244 282 2332 Dixisse
292 2246 395 2310 fertur
411 2250 577 2332 Quercus:
596 2245 714 2310 Merito
734 2245 910 2310 caedimur.

419 2445 722 2518 FABULA
770 2446 850 2517 Vl·

464 2622 561 2676 Mus
586 2623 642 2674 ET
669 2621 807 2678 RANA.

150 2731 274 2859 Mus,
288 2797 354 2857 quo
367 2778 503 2844 transire
517 2788 624 2862 posset
635 2782 757 2842 flumen
773 2776 919 2860 facilius,

147 2880 324 2944 Auxilium
334 2883 447 2945 Ranae
463 2883 554 2965 petit.
571 2887 661 2948 Haec
670 2881 774 2944 Muris
788 2878 908 2964 alligat

147 2987 239 3048 Lino
258 2986 403 3066 priorem
418 3009 491 3050 crus
503 2991 546 3052 ad
558 2975 721 3072 posterius
733 2989 861 3070 pedem.

146 3075 294 3152 Amnem
311 3099 460 3152 natantes
476 3089 532 3152 vix
546 3092 693 3154 medium
711 3093 929 3170 devenerant,

151 3179 239 3255 Cuni
252 3195 363 3272 Rana,
377 3192 487 3256 subito
506 3194 646 3256 fundum
659 3193 803 3257 fluminis
816 3204 943 3278 petens,
1090 3193 1108 3254 5

152 3297 195 3358 Se
205 3295 339 3382 mergit,
354 3296 443 3360 Muri
456 3308 493 3362 ut
506 3297 608 3361 vitam
626 3297 766 3380 eriperet
783 3281 923 3380 perfide.¹

156 3397 226 3483 Qui
238 3401 331 3480 dum,
344 3422 386 3464 ne
400 3411 618 3488 mergeretur,
629 3401 732 3464 tendit
748 3401 905 3484 validius,

157 3504 316 3598 Praedam
331 3505 497 3588 conspexit
507 3506 629 3569 Miliius
643 3516 778 3588 propter
793 3505 921 3586 volans,
991 3509 994 3516 '

159 3607 351 3684 Muremque
362 3608 569 3678 fluctuantem
588 3611 697 3696 rapuit
711 3609 893 3695 uugiribus‚

158 3705 328 3786 Simulque
344 3710 471 3769 Ranam
491 3713 676 3797 colligatam
690 3712 828 3774 sustulit.
1072 3729 1109 3772 ιο

203 3811 255 3873 Sic
269 3831 364 3894 saepe
379 3811 559 3894 intereunt,
575 3816 650 3878 aliis
664 3815 855 3878 meditantes
867 3833 991 3877 necem.
