<?xml version="1.0" encoding="UTF-8"?>
<!DOCTYPE html PUBLIC "-//W3C//DTD XHTML 1.0 Transitional//EN"
    "http://www.w3.org/TR/xhtml1/DTD/xhtml1-transitional.dtd">
<html xmlns="http://www.w3.org/1999/xhtml" xml:lang="en" lang="en">
 <head>
  <title>
</title>
<meta http-equiv="Content-Type" content="text/html;charset=utf-8" />
  <meta name='ocr-system' content='tesseract 3.04.00' />
  <meta name='ocr-capabilities' content='ocr_page ocr_carea ocr_par ocr_line ocrx_word'/>
</head>
<body>
  <div class='ocr_page' id='page_1' title='image "./phaedriaugustil05phaegoog_0300.png"; bbox 0 0 2750 4782; ppageno 0'>
   <div class='ocr_carea' id='block_1_1' title="bbox 380 378 1063 462">
    <p class='ocr_par' dir='ltr' id='par_1_1' title="bbox 380 378 1063 462">
     <span class='ocr_line' id='line_1_1' title="bbox 380 378 1063 462; baseline -0.022 -10"><span class='ocrx_word' id='word_1_1' title='bbox 380 379 755 452; x_wconf 82' lang='lat' dir='ltr'><strong>SE&#39;NTENTIAE.</strong></span> <span class='ocrx_word' id='word_1_2' title='bbox 814 395 931 462; x_wconf 61' lang='lat' dir='ltr'><strong>usqu.</strong></span> <span class='ocrx_word' id='word_1_3' title='bbox 1009 378 1063 439; x_wconf 81' lang='lat'><strong>181</strong></span> 
     </span>
    </p>
   </div>
   <div class='ocr_carea' id='block_1_2' title="bbox 98 505 845 714">
    <p class='ocr_par' dir='ltr' id='par_1_2' title="bbox 98 505 845 714">
     <span class='ocr_line' id='line_1_2' title="bbox 98 505 845 614; baseline -0.025 -11"><span class='ocrx_word' id='word_1_4' title='bbox 98 541 188 602; x_wconf 87' lang='lat' dir='ltr'><strong>Non</strong></span> <span class='ocrx_word' id='word_1_5' title='bbox 199 543 246 601; x_wconf 91' lang='lat' dir='ltr'><strong>est</strong></span> <span class='ocrx_word' id='word_1_6' title='bbox 263 543 376 614; x_wconf 87' lang='lat' dir='ltr'><strong>tuum,</strong></span> <span class='ocrx_word' id='word_1_7' title='bbox 392 536 536 596; x_wconf 79' lang='lat' dir='ltr'><strong>Fortuna</strong></span> <span class='ocrx_word' id='word_1_8' title='bbox 548 530 637 610; x_wconf 92' lang='lat' dir='ltr'><strong>quod</strong></span> <span class='ocrx_word' id='word_1_9' title='bbox 648 526 725 590; x_wconf 82' lang='lat' dir='ltr'><strong>fecit</strong></span> <span class='ocrx_word' id='word_1_10' title='bbox 742 505 845 592; x_wconf 81' lang='lat' dir='ltr'><strong>inum.</strong></span> 
     </span>
     <span class='ocr_line' id='line_1_3' title="bbox 98 628 840 714; baseline -0.027 -7"><span class='ocrx_word' id='word_1_11' title='bbox 98 647 186 707; x_wconf 88' lang='lat' dir='ltr'><strong>Non</strong></span> <span class='ocrx_word' id='word_1_12' title='bbox 200 640 297 705; x_wconf 88' lang='lat' dir='ltr'><strong>facile</strong></span> <span class='ocrx_word' id='word_1_13' title='bbox 308 642 349 702; x_wconf 89' lang='lat' dir='ltr'><strong>de</strong></span> <span class='ocrx_word' id='word_1_14' title='bbox 361 638 536 702; x_wconf 83' lang='lat' dir='ltr'><strong>inno&#39;cente</strong></span> <span class='ocrx_word' id='word_1_15' title='bbox 552 633 679 698; x_wconf 78' lang='lat' dir='ltr'><strong>crimen</strong></span> <span class='ocrx_word' id='word_1_16' title='bbox 694 628 840 714; x_wconf 81' lang='lat' dir='ltr'><strong>fingitur.</strong></span> 
     </span>
    </p>
   </div>
   <div class='ocr_carea' id='block_1_3' title="bbox 8 732 892 826">
    <p class='ocr_par' dir='ltr' id='par_1_3' title="bbox 8 732 892 826">
     <span class='ocr_line' id='line_1_4' title="bbox 8 732 892 826; baseline -0.026 -11"><span class='ocrx_word' id='word_1_17' title='bbox 8 785 9 798; x_wconf 31' lang='grc' dir='ltr'><strong>κ</strong></span> <span class='ocrx_word' id='word_1_18' title='bbox 97 753 187 826; x_wconf 74' lang='lat' dir='ltr'><strong>&#39;Non</strong></span> <span class='ocrx_word' id='word_1_19' title='bbox 199 745 293 810; x_wconf 83' lang='lat' dir='ltr'><strong>facile</strong></span> <span class='ocrx_word' id='word_1_20' title='bbox 303 745 391 808; x_wconf 90' lang='lat' dir='ltr'><strong>solus</strong></span> <span class='ocrx_word' id='word_1_21' title='bbox 405 759 531 817; x_wconf 84' lang='lat' dir='ltr'><strong>serves,</strong></span> <span class='ocrx_word' id='word_1_22' title='bbox 546 737 636 816; x_wconf 89' lang='lat' dir='ltr'><strong>quod</strong></span> <span class='ocrx_word' id='word_1_23' title='bbox 650 733 761 797; x_wconf 86' lang='lat' dir='ltr'><strong>multis</strong></span> <span class='ocrx_word' id='word_1_24' title='bbox 775 732 892 816; x_wconf 85' lang='lat' dir='ltr'><strong>placet.</strong></span> 
     </span>
    </p>
   </div>
   <div class='ocr_carea' id='block_1_4' title="bbox 8 840 1032 1555">
    <p class='ocr_par' dir='ltr' id='par_1_4' title="bbox 8 840 1011 1146">
     <span class='ocr_line' id='line_1_5' title="bbox 100 840 737 917; baseline -0.028 1"><span class='ocrx_word' id='word_1_25' title='bbox 100 858 187 917; x_wconf 90' lang='lat' dir='ltr'><strong>Non</strong></span> <span class='ocrx_word' id='word_1_26' title='bbox 200 853 290 916; x_wconf 87' lang='lat' dir='ltr'><strong>novit</strong></span> <span class='ocrx_word' id='word_1_27' title='bbox 303 851 406 914; x_wconf 81' lang='lat' dir='ltr'><strong>virtus</strong></span> <span class='ocrx_word' id='word_1_28' title='bbox 422 840 599 910; x_wconf 77' lang='lat' dir='ltr'><strong>calamitati</strong></span> <span class='ocrx_word' id='word_1_29' title='bbox 613 842 737 904; x_wconf 84' lang='lat' dir='ltr'>cedere.</span> 
     </span>
     <span class='ocr_line' id='line_1_6' title="bbox 102 937 1011 1043; baseline -0.032 -15"><span class='ocrx_word' id='word_1_30' title='bbox 102 967 190 1027; x_wconf 88' lang='lat' dir='ltr'><strong>Non·</strong></span> <span class='ocrx_word' id='word_1_31' title='bbox 200 969 276 1043; x_wconf 90' lang='lat' dir='ltr'><strong>pote</strong></span> <span class='ocrx_word' id='word_1_32' title='bbox 289 947 356 1020; x_wconf 86' lang='lat' dir='ltr'><strong>norl</strong></span> <span class='ocrx_word' id='word_1_33' title='bbox 372 972 500 1036; x_wconf 84' lang='lat' dir='ltr'><strong>sapere,</strong></span> <span class='ocrx_word' id='word_1_34' title='bbox 518 948 625 1032; x_wconf 88' lang='lat' dir='ltr'><strong>quise</strong></span> <span class='ocrx_word' id='word_1_35' title='bbox 642 948 777 1010; x_wconf 83' lang='lat' dir='ltr'><strong>stultum</strong></span> <span class='ocrx_word' id='word_1_36' title='bbox 797 937 961 1027; x_wconf 83' lang='lat' dir='ltr'><strong>intelligit.</strong></span> <span class='ocrx_word' id='word_1_37' title='bbox 1005 1005 1011 1018; x_wconf 58' lang='grc'><em>,</em></span> 
     </span>
     <span class='ocr_line' id='line_1_7' title="bbox 8 1044 966 1146; baseline -0.028 -13"><span class='ocrx_word' id='word_1_38' title='bbox 8 1081 10 1120; x_wconf 75' lang='lat' dir='ltr'><strong>t</strong></span> <span class='ocrx_word' id='word_1_39' title='bbox 103 1071 187 1130; x_wconf 89' lang='lat' dir='ltr'><strong>Non</strong></span> <span class='ocrx_word' id='word_1_40' title='bbox 202 1083 302 1146; x_wconf 88' lang='lat' dir='ltr'><strong>quam</strong></span> <span class='ocrx_word' id='word_1_41' title='bbox 313 1059 423 1124; x_wconf 85' lang='lat' dir='ltr'><strong>multis</strong></span> <span class='ocrx_word' id='word_1_42' title='bbox 435 1058 578 1140; x_wconf 84' lang='lat' dir='ltr'><strong>placeas,</strong></span> <span class='ocrx_word' id='word_1_43' title='bbox 594 1055 651 1116; x_wconf 89' lang='lat' dir='ltr'><strong>sed</strong></span> <span class='ocrx_word' id='word_1_44' title='bbox 662 1050 828 1133; x_wconf 81' lang='lat' dir='ltr'><strong>qualibus,</strong></span> <span class='ocrx_word' id='word_1_45' title='bbox 843 1044 946 1110; x_wconf 82' lang='lat' dir='ltr'><strong>stude.</strong></span> <span class='ocrx_word' id='word_1_46' title='bbox 964 1064 966 1076; x_wconf 75' lang='grc'>’</span> 
     </span>
    </p>

    <p class='ocr_par' dir='ltr' id='par_1_5' title="bbox 75 1149 1032 1555">
     <span class='ocr_line' id='line_1_8' title="bbox 75 1149 878 1249; baseline -0.029 -16"><span class='ocrx_word' id='word_1_47' title='bbox 75 1235 77 1240; x_wconf 78' lang='grc'>,</span> <span class='ocrx_word' id='word_1_48' title='bbox 103 1172 189 1232; x_wconf 89' lang='lat' dir='ltr'><strong>Non</strong></span> <span class='ocrx_word' id='word_1_49' title='bbox 202 1187 330 1249; x_wconf 83' lang='lat' dir='ltr'><strong>semper</strong></span> <span class='ocrx_word' id='word_1_50' title='bbox 345 1183 458 1227; x_wconf 86' lang='lat' dir='ltr'><strong>aurem</strong></span> <span class='ocrx_word' id='word_1_51' title='bbox 472 1159 604 1223; x_wconf 85' lang='lat' dir='ltr'><strong>facilem</strong></span> <span class='ocrx_word' id='word_1_52' title='bbox 616 1157 714 1218; x_wconf 88' lang='lat' dir='ltr'><strong>habet</strong></span> <span class='ocrx_word' id='word_1_53' title='bbox 731 1149 878 1216; x_wconf 76' lang='lat' dir='ltr'><strong>felicitas.</strong></span> 
     </span>
     <span class='ocr_line' id='line_1_9' title="bbox 106 1245 921 1349; baseline -0.028 -12"><span class='ocrx_word' id='word_1_54' title='bbox 106 1276 191 1336; x_wconf 92' lang='lat' dir='ltr'><strong>Non</strong></span> <span class='ocrx_word' id='word_1_55' title='bbox 203 1271 360 1349; x_wconf 87' lang='lat' dir='ltr'><strong>vincitur,</strong></span> <span class='ocrx_word' id='word_1_56' title='bbox 377 1267 434 1330; x_wconf 89' lang='lat' dir='ltr'><strong>sed</strong></span> <span class='ocrx_word' id='word_1_57' title='bbox 445 1263 562 1345; x_wconf 78' lang='lat' dir='ltr'><strong>uincit,</strong></span> <span class='ocrx_word' id='word_1_58' title='bbox 578 1261 636 1342; x_wconf 91' lang='lat' dir='ltr'><strong>qui</strong></span> <span class='ocrx_word' id='word_1_59' title='bbox 650 1259 736 1324; x_wconf 84' lang='lat' dir='ltr'><strong>cedit</strong></span> <span class='ocrx_word' id='word_1_60' title='bbox 748 1255 823 1322; x_wconf 89' lang='lat' dir='ltr'><strong>suis.</strong></span> <span class='ocrx_word' id='word_1_61' title='bbox 836 1331 838 1338; x_wconf 18' lang='lat' dir='ltr'>y</span> <span class='ocrx_word' id='word_1_62' title='bbox 918 1245 921 1252; x_wconf 65' lang='grc'>’</span> 
     </span>
     <span class='ocr_line' id='line_1_10' title="bbox 107 1350 1032 1448; baseline -0.028 -9"><span class='ocrx_word' id='word_1_63' title='bbox 107 1372 214 1438; x_wconf 89' lang='lat' dir='ltr'><strong>Nulla&#39;</strong></span> <span class='ocrx_word' id='word_1_64' title='bbox 232 1373 405 1436; x_wconf 90' lang='lat' dir='ltr'><strong>hominum</strong></span> <span class='ocrx_word' id='word_1_65' title='bbox 417 1367 522 1431; x_wconf 89' lang='lat' dir='ltr'><strong>maior</strong></span> <span class='ocrx_word' id='word_1_66' title='bbox 534 1385 640 1448; x_wconf 87' lang='lat' dir='ltr'><strong>poena</strong></span> <span class='ocrx_word' id='word_1_67' title='bbox 655 1372 716 1442; x_wconf 86' lang='lat' dir='ltr'><strong>est,</strong></span> <span class='ocrx_word' id='word_1_68' title='bbox 734 1373 832 1442; x_wconf 85' lang='lat' dir='ltr'><strong>qnam</strong></span> <span class='ocrx_word' id='word_1_69' title='bbox 847 1350 1032 1418; x_wconf 74' lang='lat' dir='ltr'><strong>infelicitas.</strong></span> 
     </span>
     <span class='ocr_line' id='line_1_11' title="bbox 108 1464 1030 1555; baseline -0.025 -15"><span class='ocrx_word' id='word_1_70' title='bbox 108 1477 206 1540; x_wconf 92' lang='lat' dir='ltr'><strong>Nulli</strong></span> <span class='ocrx_word' id='word_1_71' title='bbox 220 1475 480 1555; x_wconf 87' lang='lat' dir='ltr'><strong>facilius,·quam</strong></span> <span class='ocrx_word' id='word_1_72' title='bbox 495 1471 598 1548; x_wconf 88' lang='lat' dir='ltr'><strong>malo,</strong></span> <span class='ocrx_word' id='word_1_73' title='bbox 616 1464 763 1534; x_wconf 77' lang='lat' dir='ltr'><strong>iuvenies</strong></span> <span class='ocrx_word' id='word_1_74' title='bbox 782 1480 907 1546; x_wconf 87' lang='lat' dir='ltr'><strong>parem.</strong></span> <span class='ocrx_word' id='word_1_75' title='bbox 1027 1467 1030 1474; x_wconf 85' lang='lat'>&#39;</span> 
     </span>
    </p>
   </div>
   <div class='ocr_carea' id='block_1_5' title="bbox 8 1571 959 1662">
    <p class='ocr_par' dir='ltr' id='par_1_6' title="bbox 8 1571 959 1662">
     <span class='ocr_line' id='line_1_12' title="bbox 8 1571 959 1662; baseline -0.019 -18"><span class='ocrx_word' id='word_1_76' title='bbox 8 1633 9 1644; x_wconf 67' lang='grc'>,</span> <span class='ocrx_word' id='word_1_77' title='bbox 108 1580 205 1644; x_wconf 93' lang='lat' dir='ltr'><strong>Nulli</strong></span> <span class='ocrx_word' id='word_1_78' title='bbox 217 1580 382 1662; x_wconf 85' lang='lat' dir='ltr'><strong>imponas,</strong></span> <span class='ocrx_word' id='word_1_79' title='bbox 398 1576 489 1658; x_wconf 91' lang='lat' dir='ltr'><strong>quod</strong></span> <span class='ocrx_word' id='word_1_80' title='bbox 501 1573 570 1656; x_wconf 85' lang='lat' dir='ltr'><strong>ipse</strong></span> <span class='ocrx_word' id='word_1_81' title='bbox 586 1571 671 1636; x_wconf 83' lang='lat' dir='ltr'><strong>ferre</strong></span> <span class='ocrx_word' id='word_1_82' title='bbox 686 1589 755 1632; x_wconf 88' lang='lat' dir='ltr'><strong>non</strong></span> <span class='ocrx_word' id='word_1_83' title='bbox 771 1583 882 1648; x_wconf 77' lang='lat' dir='ltr'><strong>queas·</strong></span> <span class='ocrx_word' id='word_1_84' title='bbox 958 1587 959 1594; x_wconf 53' lang='lat'>¹</span> 
     </span>
    </p>
   </div>
   <div class='ocr_carea' id='block_1_6' title="bbox 109 1673 980 1965">
    <p class='ocr_par' dir='ltr' id='par_1_7' title="bbox 109 1673 980 1965">
     <span class='ocr_line' id='line_1_13' title="bbox 109 1673 812 1745; baseline -0.011 -3"><span class='ocrx_word' id='word_1_85' title='bbox 109 1683 214 1744; x_wconf 92' lang='lat' dir='ltr'><strong>Nullo</strong></span> <span class='ocrx_word' id='word_1_86' title='bbox 230 1680 266 1742; x_wconf 89' lang='lat' dir='ltr'><strong>in</strong></span> <span class='ocrx_word' id='word_1_87' title='bbox 284 1682 357 1742; x_wconf 92' lang='lat' dir='ltr'><strong>loco</strong></span> <span class='ocrx_word' id='word_1_88' title='bbox 374 1681 459 1745; x_wconf 88' lang='lat' dir='ltr'><strong>male</strong></span> <span class='ocrx_word' id='word_1_89' title='bbox 472 1676 564 1740; x_wconf 88' lang='lat' dir='ltr'><strong>audit</strong></span> <span class='ocrx_word' id='word_1_90' title='bbox 577 1673 812 1740; x_wconf 79' lang='lat' dir='ltr'><strong>misericordia.</strong></span> 
     </span>
     <span class='ocr_line' id='line_1_14' title="bbox 110 1780 821 1863; baseline -0.011 -17"><span class='ocrx_word' id='word_1_91' title='bbox 110 1787 250 1847; x_wconf 90' lang='lat' dir='ltr'><strong>Nullum</strong></span> <span class='ocrx_word' id='word_1_92' title='bbox 262 1784 332 1845; x_wconf 86' lang='lat' dir='ltr'><strong>sine</strong></span> <span class='ocrx_word' id='word_1_93' title='bbox 352 1792 433 1845; x_wconf 87' lang='lat' dir='ltr'><strong>teste</strong></span> <span class='ocrx_word' id='word_1_94' title='bbox 442 1780 608 1863; x_wconf 87' lang='lat' dir='ltr'><strong>putaveris</strong></span> <span class='ocrx_word' id='word_1_95' title='bbox 622 1799 682 1842; x_wconf 88' lang='lat' dir='ltr'><strong>suo</strong></span> <span class='ocrx_word' id='word_1_96' title='bbox 698 1780 821 1840; x_wconf 87' lang='lat' dir='ltr'><strong>locum.</strong></span> 
     </span>
     <span class='ocr_line' id='line_1_15' title="bbox 113 1880 980 1965; baseline -0.014 -16"><span class='ocrx_word' id='word_1_97' title='bbox 113 1889 251 1949; x_wconf 90' lang='lat' dir='ltr'><strong>Nullum</strong></span> <span class='ocrx_word' id='word_1_98' title='bbox 264 1885 336 1948; x_wconf 90' lang='lat' dir='ltr'><strong>sine</strong></span> <span class='ocrx_word' id='word_1_99' title='bbox 350 1891 594 1945; x_wconf 85' lang='lat' dir='ltr'><strong>auctoramento</strong></span> <span class='ocrx_word' id='word_1_100' title='bbox 609 1893 656 1943; x_wconf 85' lang='lat' dir='ltr'><strong>est</strong></span> <span class='ocrx_word' id='word_1_101' title='bbox 668 1899 825 1965; x_wconf 84' lang='lat' dir='ltr'><strong>magnum</strong></span> <span class='ocrx_word' id='word_1_102' title='bbox 844 1880 980 1940; x_wconf 88' lang='lat' dir='ltr'><strong>malum.</strong></span> 
     </span>
    </p>
   </div>
   <div class='ocr_carea' id='block_1_7' title="bbox 8 1981 1069 2175">
    <p class='ocr_par' dir='ltr' id='par_1_8' title="bbox 8 1981 1069 2175">
     <span class='ocr_line' id='line_1_16' title="bbox 8 1981 769 2094; baseline -0.016 -40"><span class='ocrx_word' id='word_1_103' title='bbox 8 2057 10 2094; x_wconf 39' lang='grc' dir='ltr'><strong>ι</strong></span> <span class='ocrx_word' id='word_1_104' title='bbox 112 1990 234 2061; x_wconf 58' lang='lat' dir='ltr'><strong>,Nullus</strong></span> <span class='ocrx_word' id='word_1_105' title='bbox 248 1985 432 2068; x_wconf 85' lang='lat' dir='ltr'><strong>sapientum</strong></span> <span class='ocrx_word' id='word_1_106' title='bbox 447 1981 610 2066; x_wconf 79' lang='lat' dir='ltr'><strong>proditori</strong></span> <span class='ocrx_word' id='word_1_107' title='bbox 622 1982 769 2044; x_wconf 88' lang='lat' dir='ltr'><strong>credidit.</strong></span> 
     </span>
     <span class='ocr_line' id='line_1_17' title="bbox 11 2079 1069 2175; baseline -0.015 -15"><span class='ocrx_word' id='word_1_108' title='bbox 11 2135 14 2143; x_wconf 77' lang='lat'><em>=</em></span> <span class='ocrx_word' id='word_1_109' title='bbox 115 2099 293 2175; x_wconf 85' lang='lat' dir='ltr'><strong>Nunquam</strong></span> <span class='ocrx_word' id='word_1_110' title='bbox 308 2089 437 2156; x_wconf 81' lang='lat' dir='ltr'><strong>facilius</strong></span> <span class='ocrx_word' id='word_1_111' title='bbox 450 2091 563 2172; x_wconf 87' lang='lat' dir='ltr'><strong>culpa,</strong></span> <span class='ocrx_word' id='word_1_112' title='bbox 577 2107 678 2170; x_wconf 87' lang='lat' dir='ltr'><strong>qnam</strong></span> <span class='ocrx_word' id='word_1_113' title='bbox 692 2085 728 2148; x_wconf 92' lang='lat' dir='ltr'><strong>in</strong></span> <span class='ocrx_word' id='word_1_114' title='bbox 744 2081 856 2169; x_wconf 88' lang='lat' dir='ltr'><strong>turba,</strong></span> <span class='ocrx_word' id='word_1_115' title='bbox 872 2086 962 2148; x_wconf 85' lang='lat' dir='ltr'><strong>latet.</strong></span> <span class='ocrx_word' id='word_1_116' title='bbox 1011 2079 1069 2144; x_wconf 70' lang='lat'><strong>505</strong></span> 
     </span>
    </p>
   </div>
   <div class='ocr_carea' id='block_1_8' title="bbox 116 2189 1021 2704">
    <p class='ocr_par' dir='ltr' id='par_1_9' title="bbox 116 2189 1021 2704">
     <span class='ocr_line' id='line_1_18' title="bbox 116 2189 1021 2282; baseline -0.018 -17"><span class='ocrx_word' id='word_1_117' title='bbox 116 2205 292 2282; x_wconf 89' lang='lat' dir='ltr'><strong>Nunquam</strong></span> <span class='ocrx_word' id='word_1_118' title='bbox 306 2218 374 2263; x_wconf 90' lang='lat' dir='ltr'><strong>nou</strong></span> <span class='ocrx_word' id='word_1_119' title='bbox 384 2197 483 2262; x_wconf 84' lang='lat' dir='ltr'><strong>miser</strong></span> <span class='ocrx_word' id='word_1_120' title='bbox 498 2204 561 2278; x_wconf 86' lang='lat' dir='ltr'><strong>est,</strong></span> <span class='ocrx_word' id='word_1_121' title='bbox 575 2194 634 2276; x_wconf 88' lang='lat' dir='ltr'><strong>qui</strong></span> <span class='ocrx_word' id='word_1_122' title='bbox 649 2197 738 2274; x_wconf 79' lang='lat' dir='ltr'><strong>quod</strong></span> <span class='ocrx_word' id='word_1_123' title='bbox 755 2192 879 2274; x_wconf 85' lang='lat' dir='ltr'><strong>timeat,</strong></span> <span class='ocrx_word' id='word_1_124' title='bbox 890 2189 1021 2276; x_wconf 81' lang='lat' dir='ltr'><strong>cogitat.</strong></span> 
     </span>
     <span class='ocr_line' id='line_1_19' title="bbox 117 2296 872 2389; baseline -0.019 -18"><span class='ocrx_word' id='word_1_125' title='bbox 117 2310 294 2387; x_wconf 86' lang='lat' dir='ltr'><strong>Nunquam</strong></span> <span class='ocrx_word' id='word_1_126' title='bbox 306 2303 491 2389; x_wconf 88' lang='lat' dir='ltr'><strong>periculum</strong></span> <span class='ocrx_word' id='word_1_127' title='bbox 500 2299 572 2365; x_wconf 82' lang='lat' dir='ltr'><strong>aine</strong></span> <span class='ocrx_word' id='word_1_128' title='bbox 583 2297 708 2382; x_wconf 84' lang='lat' dir='ltr'><strong>periclo</strong></span> <span class='ocrx_word' id='word_1_129' title='bbox 719 2296 872 2361; x_wconf 85' lang='lat' dir='ltr'><strong>vincitur.</strong></span> 
     </span>
     <span class='ocr_line' id='line_1_20' title="bbox 119 2404 971 2493; baseline -0.016 -17"><span class='ocrx_word' id='word_1_130' title='bbox 119 2415 295 2493; x_wconf 87' lang='lat' dir='ltr'><strong>Nunquam</strong></span> <span class='ocrx_word' id='word_1_131' title='bbox 312 2409 388 2475; x_wconf 88' lang='lat' dir='ltr'><strong>satis</strong></span> <span class='ocrx_word' id='word_1_132' title='bbox 403 2418 468 2491; x_wconf 84' lang='lat' dir='ltr'><strong>est,</strong></span> <span class='ocrx_word' id='word_1_133' title='bbox 486 2410 577 2490; x_wconf 91' lang='lat' dir='ltr'><strong>quod</strong></span> <span class='ocrx_word' id='word_1_134' title='bbox 589 2407 758 2489; x_wconf 80' lang='lat' dir='ltr'><strong>improbae</strong></span> <span class='ocrx_word' id='word_1_135' title='bbox 771 2404 842 2488; x_wconf 86' lang='lat' dir='ltr'><strong>spei</strong></span> <span class='ocrx_word' id='word_1_136' title='bbox 857 2404 971 2464; x_wconf 58' lang='lat' dir='ltr'><strong>datur?</strong></span> 
     </span>
     <span class='ocr_line' id='line_1_21' title="bbox 120 2495 982 2594; baseline -0.014 -16"><span class='ocrx_word' id='word_1_137' title='bbox 120 2517 295 2594; x_wconf 86' lang='lat' dir='ltr'><strong>Nunquam</strong></span> <span class='ocrx_word' id='word_1_138' title='bbox 306 2531 420 2575; x_wconf 84' lang='lat' dir='ltr'><strong>secura</strong></span> <span class='ocrx_word' id='word_1_139' title='bbox 436 2520 597 2592; x_wconf 83' lang='lat' dir='ltr'><strong>estprava</strong></span> <span class='ocrx_word' id='word_1_140' title='bbox 614 2507 823 2572; x_wconf 84' lang='lat' dir='ltr'><strong>conscicntia.</strong></span> <span class='ocrx_word' id='word_1_141' title='bbox 978 2495 982 2503; x_wconf 79' lang='grc'><em>’</em></span> 
     </span>
     <span class='ocr_line' id='line_1_22' title="bbox 120 2613 898 2704; baseline -0.014 -23"><span class='ocrx_word' id='word_1_142' title='bbox 120 2622 311 2703; x_wconf 87' lang='lat' dir='ltr'><strong>Nunquam,</strong></span> <span class='ocrx_word' id='word_1_143' title='bbox 323 2616 382 2680; x_wconf 93' lang='lat' dir='ltr'><strong>ubi</strong></span> <span class='ocrx_word' id='word_1_144' title='bbox 394 2618 451 2681; x_wconf 90' lang='lat' dir='ltr'><strong>diu</strong></span> <span class='ocrx_word' id='word_1_145' title='bbox 464 2617 530 2680; x_wconf 82' lang='lat' dir='ltr'><strong>tuit</strong></span> <span class='ocrx_word' id='word_1_146' title='bbox 541 2615 645 2704; x_wconf 78' lang='lat' dir='ltr'><strong>ignia,</strong></span> <span class='ocrx_word' id='word_1_147' title='bbox 663 2613 772 2678; x_wconf 83' lang='lat' dir='ltr'><strong>dciicit</strong></span> <span class='ocrx_word' id='word_1_148' title='bbox 785 2617 898 2695; x_wconf 67' lang='lat' dir='ltr'><strong>vapore</strong></span> 
     </span>
    </p>
   </div>
   <div class='ocr_carea' id='block_1_9' title="bbox 123 2773 1141 3838">
    <p class='ocr_par' dir='ltr' id='par_1_10' title="bbox 123 2773 1011 3006">
     <span class='ocr_line' id='line_1_23' title="bbox 123 2773 1011 2912; baseline 0.002 -34"><span class='ocrx_word' id='word_1_149' title='bbox 123 2773 348 2891; x_wconf 77' lang='lat' dir='ltr'><strong>Orssqmun</strong></span> <span class='ocrx_word' id='word_1_150' title='bbox 360 2795 501 2900; x_wconf 81' lang='lat' dir='ltr'><strong>iruptae,</strong></span> <span class='ocrx_word' id='word_1_151' title='bbox 517 2817 582 2912; x_wconf 86' lang='lat' dir='ltr'><strong>cito</strong></span> <span class='ocrx_word' id='word_1_152' title='bbox 595 2817 633 2881; x_wconf 84' lang='lat' dir='ltr'><strong>fit</strong></span> <span class='ocrx_word' id='word_1_153' title='bbox 647 2819 761 2882; x_wconf 88' lang='lat' dir='ltr'><strong>odium</strong></span> <span class='ocrx_word' id='word_1_154' title='bbox 776 2815 914 2902; x_wconf 85' lang='lat' dir='ltr'><strong>pellicis.</strong></span> <span class='ocrx_word' id='word_1_155' title='bbox 1008 2843 1011 2852; x_wconf 90' lang='lat'>·</span> 
     </span>
     <span class='ocr_line' id='line_1_24' title="bbox 123 2917 850 3006; baseline -0.004 -21"><span class='ocrx_word' id='word_1_156' title='bbox 123 2921 256 2986; x_wconf 87' lang='lat' dir='ltr'><strong>Occasio</strong></span> <span class='ocrx_word' id='word_1_157' title='bbox 273 2942 370 3006; x_wconf 87' lang='lat' dir='ltr'><strong>aegre</strong></span> <span class='ocrx_word' id='word_1_158' title='bbox 387 2917 541 3001; x_wconf 80' lang='lat' dir='ltr'><strong>offertur,</strong></span> <span class='ocrx_word' id='word_1_159' title='bbox 560 2922 658 2987; x_wconf 82' lang='lat' dir='ltr'><strong>facile</strong></span> <span class='ocrx_word' id='word_1_160' title='bbox 676 2920 850 3000; x_wconf 85' lang='lat' dir='ltr'><strong>amittitur.</strong></span> 
     </span>
    </p>

    <p class='ocr_par' dir='ltr' id='par_1_11' title="bbox 125 3023 706 3109">
     <span class='ocr_line' id='line_1_25' title="bbox 125 3023 706 3109; baseline -0.009 -19"><span class='ocrx_word' id='word_1_161' title='bbox 125 3026 260 3090; x_wconf 87' lang='lat' dir='ltr'><strong>Occasio</strong></span> <span class='ocrx_word' id='word_1_162' title='bbox 271 3034 420 3109; x_wconf 86' lang='lat' dir='ltr'><strong>receptus</strong></span> <span class='ocrx_word' id='word_1_163' title='bbox 436 3023 587 3089; x_wconf 86' lang='lat' dir='ltr'><strong>difficiles</strong></span> <span class='ocrx_word' id='word_1_164' title='bbox 597 3027 706 3088; x_wconf 87' lang='lat' dir='ltr'><strong>hahet.</strong></span> 
     </span>
    </p>

    <p class='ocr_par' dir='ltr' id='par_1_12' title="bbox 125 3123 1141 3838">
     <span class='ocr_line' id='line_1_26' title="bbox 125 3123 946 3213; baseline -0.01 -18"><span class='ocrx_word' id='word_1_165' title='bbox 125 3129 245 3197; x_wconf 67' lang='lat' dir='ltr'><strong>Occidir</strong></span> <span class='ocrx_word' id='word_1_166' title='bbox 253 3131 447 3213; x_wconf 89' lang='lat' dir='ltr'><strong>pulchrum,</strong></span> <span class='ocrx_word' id='word_1_167' title='bbox 461 3130 521 3193; x_wconf 89' lang='lat' dir='ltr'><strong>ubi</strong></span> <span class='ocrx_word' id='word_1_168' title='bbox 530 3147 607 3192; x_wconf 83' lang='lat' dir='ltr'><strong>cum</strong></span> <span class='ocrx_word' id='word_1_169' title='bbox 616 3125 802 3212; x_wconf 82' lang='lat' dir='ltr'><strong>ignominia</strong></span> <span class='ocrx_word' id='word_1_170' title='bbox 815 3123 946 3189; x_wconf 81' lang='lat' dir='ltr'><strong>servias.</strong></span> 
     </span>
     <span class='ocr_line' id='line_1_27' title="bbox 126 3231 981 3315; baseline -0.016 -13"><span class='ocrx_word' id='word_1_171' title='bbox 126 3238 208 3302; x_wconf 89' lang='lat' dir='ltr'><strong>Odia</strong></span> <span class='ocrx_word' id='word_1_172' title='bbox 221 3235 288 3300; x_wconf 82' lang='lat' dir='ltr'><strong>elia</strong></span> <span class='ocrx_word' id='word_1_173' title='bbox 300 3236 485 3315; x_wconf 83' lang='lat' dir='ltr'><strong>subvultu,</strong></span> <span class='ocrx_word' id='word_1_174' title='bbox 502 3233 567 3298; x_wconf 84' lang='lat' dir='ltr'><strong>alia</strong></span> <span class='ocrx_word' id='word_1_175' title='bbox 581 3234 644 3296; x_wconf 88' lang='lat' dir='ltr'><strong>sub</strong></span> <span class='ocrx_word' id='word_1_176' title='bbox 657 3232 768 3294; x_wconf 88' lang='lat' dir='ltr'><strong>osculo</strong></span> <span class='ocrx_word' id='word_1_177' title='bbox 786 3231 898 3293; x_wconf 82' lang='lat' dir='ltr'><strong>latent.</strong></span> <span class='ocrx_word' id='word_1_178' title='bbox 971 3261 981 3268; x_wconf 67' lang='lat'><strong>,.</strong></span> 
     </span>
     <span class='ocr_line' id='line_1_28' title="bbox 127 3333 891 3418; baseline -0.013 -14"><span class='ocrx_word' id='word_1_179' title='bbox 127 3339 277 3404; x_wconf 89' lang='lat' dir='ltr'><strong>Officium</strong></span> <span class='ocrx_word' id='word_1_180' title='bbox 295 3339 449 3405; x_wconf 83' lang='lat' dir='ltr'><strong>benevoli</strong></span> <span class='ocrx_word' id='word_1_181' title='bbox 460 3337 566 3418; x_wconf 84' lang='lat' dir='ltr'><strong>animi</strong></span> <span class='ocrx_word' id='word_1_182' title='bbox 576 3337 678 3400; x_wconf 88' lang='lat' dir='ltr'><strong>finem</strong></span> <span class='ocrx_word' id='word_1_183' title='bbox 695 3355 763 3402; x_wconf 89' lang='lat' dir='ltr'><strong>uon</strong></span> <span class='ocrx_word' id='word_1_184' title='bbox 782 3333 891 3398; x_wconf 85' lang='lat' dir='ltr'><strong>habet.</strong></span> 
     </span>
     <span class='ocr_line' id='line_1_29' title="bbox 128 3439 1006 3528; baseline -0.014 -21"><span class='ocrx_word' id='word_1_185' title='bbox 128 3445 248 3510; x_wconf 87' lang='lat' dir='ltr'><strong>Omnes</strong></span> <span class='ocrx_word' id='word_1_186' title='bbox 262 3465 367 3528; x_wconf 87' lang='lat' dir='ltr'><strong>aequo</strong></span> <span class='ocrx_word' id='word_1_187' title='bbox 381 3443 637 3526; x_wconf 85' lang='lat' dir='ltr'><strong>animcpareut‚</strong></span> <span class='ocrx_word' id='word_1_188' title='bbox 649 3441 742 3526; x_wconf 85' lang='lat' dir='ltr'><strong>digni</strong></span> <span class='ocrx_word' id='word_1_189' title='bbox 753 3439 812 3502; x_wconf 90' lang='lat' dir='ltr'><strong>uhi</strong></span> <span class='ocrx_word' id='word_1_190' title='bbox 824 3439 1006 3520; x_wconf 74' lang='lat' dir='ltr'><strong>imperant.</strong></span> 
     </span>
     <span class='ocr_line' id='line_1_30' title="bbox 130 3543 1006 3630; baseline -0.002 -20"><span class='ocrx_word' id='word_1_191' title='bbox 130 3549 233 3610; x_wconf 89' lang='lat' dir='ltr'><strong>Omne</strong></span> <span class='ocrx_word' id='word_1_192' title='bbox 244 3543 361 3610; x_wconf 83' lang='lat' dir='ltr'><strong>vitium</strong></span> <span class='ocrx_word' id='word_1_193' title='bbox 374 3552 503 3630; x_wconf 82' lang='lat' dir='ltr'><strong>semper</strong></span> <span class='ocrx_word' id='word_1_194' title='bbox 513 3547 611 3610; x_wconf 87' lang='lat' dir='ltr'><strong>habet</strong></span> <span class='ocrx_word' id='word_1_195' title='bbox 621 3543 841 3629; x_wconf 81' lang='lat' dir='ltr'><strong>patrocinium</strong></span> <span class='ocrx_word' id='word_1_196' title='bbox 854 3549 962 3604; x_wconf 84' lang='lat' dir='ltr'><strong>suum.</strong></span> <span class='ocrx_word' id='word_1_197' title='bbox 1003 3589 1006 3608; x_wconf 82' lang='grc'>,</span> 
     </span>
     <span class='ocr_line' id='line_1_31' title="bbox 130 3646 974 3714; baseline -0.012 -2"><span class='ocrx_word' id='word_1_198' title='bbox 130 3646 243 3712; x_wconf 89' lang='lat' dir='ltr'><strong>Omnis</strong></span> <span class='ocrx_word' id='word_1_199' title='bbox 253 3646 322 3710; x_wconf 83' lang='lat' dir='ltr'><strong>dies</strong></span> <span class='ocrx_word' id='word_1_200' title='bbox 333 3650 424 3712; x_wconf 85' lang='lat' dir='ltr'><strong>velut</strong></span> <span class='ocrx_word' id='word_1_201' title='bbox 439 3650 573 3714; x_wconf 87' lang='lat' dir='ltr'><strong>ultimus</strong></span> <span class='ocrx_word' id='word_1_202' title='bbox 587 3649 791 3712; x_wconf 87' lang='lat' dir='ltr'><strong>ordinandus</strong></span> <span class='ocrx_word' id='word_1_203' title='bbox 801 3651 860 3708; x_wconf 82' lang='lat' dir='ltr'><strong>eat.</strong></span> <span class='ocrx_word' id='word_1_204' title='bbox 973 3661 974 3666; x_wconf 50' lang='lat'>¹</span> 
     </span>
     <span class='ocr_line' id='line_1_32' title="bbox 131 3749 1141 3838; baseline -0.005 -22"><span class='ocrx_word' id='word_1_205' title='bbox 131 3751 243 3816; x_wconf 87' lang='lat' dir='ltr'><strong>Omnis</strong></span> <span class='ocrx_word' id='word_1_206' title='bbox 258 3752 667 3838; x_wconf 79' lang='lat' dir='ltr'><strong>voluptas,qucmeunque</strong></span> <span class='ocrx_word' id='word_1_207' title='bbox 678 3749 799 3833; x_wconf 85' lang='lat' dir='ltr'><strong>arrisit,</strong></span> <span class='ocrx_word' id='word_1_208' title='bbox 813 3749 924 3812; x_wconf 74' lang='lat' dir='ltr'><strong>nocet.</strong></span> <span class='ocrx_word' id='word_1_209' title='bbox 1040 3763 1044 3776; x_wconf 71' lang='grc'><strong>“</strong></span> <span class='ocrx_word' id='word_1_210' title='bbox 1138 3789 1141 3797; x_wconf 87' lang='grc'>-</span> 
     </span>
    </p>
   </div>
   <div class='ocr_carea' id='block_1_10' title="bbox 0 0 1424 4782">
    <p class='ocr_par' dir='ltr' id='par_1_13' title="bbox 0 0 1424 4782">
     <span class='ocr_line' id='line_1_33' title="bbox 0 0 1424 4782; baseline 0 0"><span class='ocrx_word' id='word_1_211' title='bbox 0 0 1424 4782; x_wconf 95' lang='lat' dir='ltr'><strong> </strong></span> 
     </span>
    </p>
   </div>
  </div>
 </body>
</html>
