2916 4790
362 425 480 550 nor.
508 477 597 550 ur.
623 475 688 548 ou
713 475 915 551 tutuno.
990 497 1121 556 mxv

167 631 236 694 eius
247 630 361 716 Aesopi
377 629 485 695 lamam
503 633 764 696 etauctoritatem
785 633 954 717 praedicat,
971 635 1124 718 quentait
1210 667 1213 674 ·

169 739 202 786 et
219 725 368 808 Apollinis
381 725 523 809 Delphici
545 727 663 790 monitu
686 728 723 788 ad
740 725 857 790 fabulas
878 728 1047 792 scribendas
1065 747 1127 798 exe

168 821 315 894 citatum,
341 837 372 882 et
394 837 413 882 a
439 821 622 902 sapientibus
648 821 723 882 viris
749 822 868 882 maximi
896 819 1011 884 iactum
1036 841 1121 900 esse,

169 929 300 990 quorum
311 911 361 973 alii
379 910 492 977 fabulas
508 911 585 974 illius
602 931 659 994 pro
673 912 812 996 exemplo
826 913 1004 976 adduxerint
1016 916 1047 976 in
1060 915 1129 978 ser·¹

169 1002 311 1068 monibus
330 1007 410 1080 suis,
437 1005 486 1068 alii
503 1007 580 1069 adeo
604 1007 742 1070 versibus
766 1009 975 1091 expresserint.
1003 1009 1040 1070 In
1059 1009 1125 1072 istis

167 1100 305 1162 nominat
323 1098 479 1163 Socratem
495 1117 527 1164 et
543 1099 704 1174 Flaccum,
721 1101 753 1163 in
765 1101 811 1164 his
825 1099 964 1165 babtium
979 1119 1010 1166 et
1026 1103 1136 1166 Phae·-

167 1193 264 1274 drurp.
290 1189 400 1265 Vides,
422 1211 485 1254 non
506 1194 614 1255 scriem
632 1209 664 1256 et
680 1193 816 1256 ordinem
843 1194 1047 1276 antiquiorum
1069 1213 1124 1258 au·

168 1298 308 1360 crorum,
331 1286 384 1367 qui
403 1284 551 1369 apologos
570 1286 722 1367 Aesopios
739 1286 929 1368 scripserint,
960 1291 1123 1364 recenseri,

170 1382 223 1462 qui
245 1379 386 1462 profecto
413 1379 499 1442 aliter
516 1397 548 1442 et
566 1380 683 1464 plenius
703 1378 810 1442 fuisset
831 1381 1079 1456 constituendus,
1099 1381 1126 1445 sl

169 1473 200 1534 id
221 1475 342 1557 quidem
361 1474 509 1539 voluisset
525 1475 683 1549 Avianus3
713 1491 814 1556 neque
831 1471 984 1564 socratem
1007 1491 1039 1537 et
1055 1475 1124 1538 llo·

169 1567 279 1630 tatium
297 1587 354 1652 pro
369 1565 537 1632 fabularum
556 1567 756 1651 Aesopiarum
775 1566 969 1649 scriptoribus
984 1583 1039 1632 aut
1056 1568 1137 1640 col-¹

63 1697 69 1710 ·
168 1656 332 1722 lectoribus
356 1659 394 1722 ab
414 1659 537 1722 Avieno
563 1657 687 1732 haberi,
710 1657 762 1720 sed
783 1675 843 1740 pro
858 1656 912 1732 iis,
937 1657 989 1738 qul
1007 1655 1124 1720 fabulas

166 1746 326 1812 doctrinae
343 1767 434 1812 causa
448 1748 574 1814 subinde
587 1747 778 1811 adhibuerint
801 1766 861 1830 pro
876 1747 1027 1830 exemplo.
1047 1747 1122 1810 Pro-

168 1841 240 1904 inde
254 1842 293 1904 ab
316 1841 362 1904 his
379 1842 552 1925 distinguit,
573 1860 653 1923 quos
673 1833 815 1923 deinceps
836 1839 957 1915 laudat,
981 1838 1120 1902 Rubrium
1202 1879 1204 1884 -

168 1950 201 1996 et
218 1935 407 2009 Phaedrum,
428 1953 506 2018 quos
524 1935 597 1997 dicit
618 1932 733 1997 fabulas
753 1933 900 2016 Aesopias
922 1951 986 1995 non
1004 1949 1121 1995 tantum

167 2017 306 2090 laudasse
325 2043 355 2088 et
367 2045 546 2110 usurpasse,
566 2026 618 2089 sed
633 2025 793 2108 repetitas,
805 2040 837 2086 et
853 2024 974 2107 quidem
985 2023 1122 2088 versibus

168 2115 321 2195 iambicis,
340 2119 370 2182 in
387 2119 504 2202 aliquot
526 2118 679 2182 volumina
696 2116 862 2198 collegisse.
886 2118 1001 2184 baurim
1019 2133 1121 2180 autem

133 2203 340 2297 ssse'ossolum
358 2212 523 2274 fabularum
545 2211 740 2285 collectores,
763 2211 815 2293 qui
833 2211 971 2274 versibus
992 2211 1123 2295 scripse·

112 2297 146 2319 s·
170 2319 260 2378 runt,
274 2303 357 2387 quod
375 2321 482 2365 eorum
501 2305 642 2386 exemplo
660 2321 748 2365 suum
768 2302 861 2384 ipsius
877 2303 1053 2377 consilium,
1069 2303 1122 2388 qui

170 2395 264 2478 elegis
285 2395 416 2470 scribat,
441 2393 510 2457 vult
534 2395 800 2472 commendatum
828 2395 880 2460 sed
906 2395 1122 2482 hincapparet

127 2567 130 2580 .
168 2487 279 2563 etium,
301 2506 358 2552 cur
372 2487 550 2563 Titianum,
565 2488 703 2570 quamvis
722 2505 756 2550 se
775 2489 923 2570 priorem,
948 2489 994 2553 his
1010 2508 1122 2555 aucto·

168 2583 250 2646 ribus
271 2599 437 2645 accensere
458 2582 600 2646 noluerit.
621 2581 711 2644 Hunc
726 2581 805 2644 enim
819 2582 974 2646 Arnonius
993 2584 1013 2645 1.
1026 2603 1053 2646 c.
1073 2599 1122 2647 te·
1242 2587 1247 2598 '

166 2693 264 2739 statur
283 2677 398 2758 Aesopi
423 2674 593 2766 apologos,
623 2674 766 2738 versibus
782 2673 917 2737 iambicis
943 2676 1084 2740 trimetris
1103 2697 1121 2740 a

151 2808 156 2816 ·
167 2768 312 2851 quopiam
325 2783 463 2830 veterum
475 2769 633 2850 poetarum
646 2765 765 2828 Graece
778 2767 989 2850 conscriptos,
1002 2770 1121 2833 oratio·

168 2877 206 2920 ne
222 2859 353 2941 pedestri
370 2872 402 2918 et
422 2857 523 2920 soluta
541 2856 664 2918 Latinos
680 2853 808 2918 fecisse:

288 2950 445 3032 Apologos,
462 2969 494 3008 en
504 2993 516 3021 ,
532 2947 601 3010 misit
615 2948 679 3021 rili,
739 2952 743 2962 '

286 3043 431 3125 Aesopiam
447 3037 614 3104 imorem

286 3138 377 3216 Quam
389 3135 641 3210 inritamento,

287 3229 405 3289 Pedestrr
422 3226 579 3308 cprrrinnans
590 3248 680 3306 opus,

284 3320 373 3382 Fundi
392 3321 514 3382 Titianus
530 3319 635 3402 arrlfix.

167 3411 299 3495 Apologi
311 3413 438 3495 Aesopii
458 3413 603 3489 mimetri,
626 3435 703 3498 quos
721 3415 877 3484 Titianum
899 3417 1029 3485 vertisse
1049 3419 1120 3494 Αιι·Ι

167 3504 402 3579 soniusscribir,
417 3504 498 3567 haud
510 3505 683 3576 dubiesttnt
690 3510 783 3592 ipsius
795 3511 911 3588 Babrii‚
925 3503 1018 3596 'quem
1027 3513 1120 3580 Auia·

167 3615 224 3657 nos
250 3598 387 3659 nominat
394 3617 405 3672 ;
431 3596 521 3679 idque
545 3601 681 3680 agnoscit
704 3601 950 3685 Cannegietertts.
991 3603 1119 3690 Quippe

168 3685 332 3749 hodienum
360 3689 536 3750 tetrasticha
555 3692 688 3756 trimetro
709 3695 754 3758 de*
767 3693 885 3758 fabellis
902 3697 1043 3780 Aesopiis
1063 3692 1119 3757 sub

167 3773 297 3838 Gabriae
319 3780 371 3842 vel
388 3779 490 3842 Babrii
509 3783 631 3846 nomine
648 3799 777 3850 exstem.
797 3785 894 3868 Quod
911 3789 1001 3872 igitur
1018 3787 1120 3849 Titia-

146 3867 313 3931 nusnihil
332 3869 431 3941 aliud,
450 3887 540 3950 quam
563 3870 703 3944 Babrium
722 3875 875 3942 Graecum
898 3880 992 3944 vertit
1009 3882 1121 3956 latine,

1043 4259 1073 4296 Α,
