2848 4792
350 475 387 553 73
650 459 997 524 sreuuurx

337 565 469 679 ιΡειειοή
483 609 585 693 ponit.
604 610 675 667 Rex
691 614 727 666 ut
745 566 913 686 coguovit,
932 601 1042 664 statim

346 715 441 782 Silvis
453 717 613 791 Leonem,
633 718 663 770 et
677 710 839 770 Pastorem
851 703 958 765 reddit
975 703 1052 766 suis.

511 889 514 896 ’
583 907 888 983 staura
938 907 1060 979 xvr.

588 1027 744 1144 GUL‘EX
770 1091 818 1140 ET
846 1089 1053 1142 TAURUS.

348 1198 482 1309 Coum
501 1259 575 1300 eum
588 1239 733 1301 Taurum
749 1243 955 1317 provocasset
973 1233 1114 1314 viribus,

346 1347 463 1414 Cuncti
474 1355 631 1409 venerunt
647 1343 778 1426 populi,
797 1349 833 1402 ut
850 1361 995 1426 pugnam
1015 1345 1195 1404 cernerent.

346 1457 449 1518 Culex
464 1464 549 1516 tum:
567 1451 649 1514 Satis
661 1461 720 1529 est,
734 1449 824 1529 quod
841 1448 959 1512 venisti
980 1447 1146 1529 eominus,

345 1564 427 1623 Nam
439 1581 558 1644 parvus
568 1559 666 1638 mihi,
676 1557 798 1621 iudicio
819 1578 892 1620 sum
910 1543 1047 1641 magnus
1062 1566 1130 1618 tuo.

292 1745 293 1753 ἵ
344 1663 431 1727 Hinc
442 1682 477 1727 se
493 1686 552 1746 per
567 1683 662 1725 auras
677 1683 785 1744 penna
803 1660 932 1724 sustulit
947 1659 1032 1739 levi,

344 1766 499 1850 Lusitque
512 1770 657 1845 turham,
670 1775 701 1828 et
713 1766 813 1828 Tauri
824 1762 968 1831 destituit
978 1765 1092 1830 minas.

345 1872 443 1956 Quod
460 1869 487 1934 si
506 1869 617 1932 fuisset
631 1867 758 1932 validae
774 1865 910 1940 cervicis
929 1886 1073 1948 memor,

308 1979 314 1990 “
343 1979 384 2042 Et
396 1979 521 2045 Taurus
533 1978 658 2038 hostem
670 1972 889 2036 contemsisset
899 1971 1089 2052 sordidum,

344 2081 466 2144 Fuisset
483 2102 568 2143 vana
581 2080 693 2142 inertis
708 2077 870 2165 gloriatio.
1061 2071 1062 2074 '

351 2207 359 2218 '
383 2184 509 2248 Amittit
521 2185 660 2263 famam,
680 2181 739 2262 qui
754 2202 788 2244 se
803 2178 948 2267 indignis
964 2183 1143 2262 comparat.

561 2326 865 2454 TABULA
915 2381 1066 2460 XVII.

592 2511 750 2632 riguus
778 2555 834 2606 er
862 2553 1052 2607 ssruus.

344 2663 496 2776 Asuero
508 2711 637 2794 sonipes
647 2708 790 2793 phaleris
804 2708 944 2786 odeurrit
959 2718 1104 2789 tumens,

342 2819 382 2880 Et
396 2821 496 2881 lassus
510 2820 614 2879 multo
627 2813 749 2879 tardius
758 2821 851 2897 quod
865 2820 1009 2898 pondere

342 2924 438 2989 Viam
454 2924 591 2986 dedisset
605 2924 800 3002 transeunti,
811 2922 891 3002 Vix,
901 2924 961 3003 ait,

342 3031 397 3092 Me
413 3040 520 3107 teneo,
533 3028 613 3108 quin
626 3040 656 3090 te
669 3029 773 3091 saevis
787 3031 929 3092 calcibus
947 3039 1100 3093 exteram.

342 3132 456 3194 Tacuit
467 3135 608 3213 Asellus,
621 3133 743 3216 gemitu
762 3145 891 3221 testatus
907 3137 1000 3196 Deos.

342 3238 467 3315 Equus,
482 3225 642 3300 orr'rrendo
662 3253 775 3321 ruptus
789 3260 891 3321 parvo
904 3241 938 3302 in
957 3251 1120 3325 tempore,

341 3340 393 3402 Ad
408 3339 520 3399 villam
536 3342 685 3404 mittitur.
706 3347 802 3404 Hune
816 3356 969 3418 onustum
987 3356 1128 3408 stercore

342 3441 386 3501 Ut
406 3439 487 3500 vidit
507 3441 638 3519 Asinus,
658 3444 713 3504 tali
731 3444 840 3515 derisit
856 3447 949 3507 ioco:

343 3546 433 3627 Quo,
445 3543 601 3630 gloriose,
618 3549 767 3626 phaleras
783 3551 841 3612 has
853 3554 1018 3630 quondam
1033 3552 1110 3633 tibi,

342 3649 442 3712 Modo
458 3649 499 3707 ad
513 3645 696 3728 despe'ctam
711 3649 768 3729 qui
781 3653 891 3716 redisti
912 3655 1098 3718 miseriam?
1250 3675 1290 3718 10

381 3748 469 3811 Felix
484 3771 524 3812 ue
536 3768 682 3832 spernat,
695 3755 813 3820 dubiae
827 3760 923 3822 sortis
940 3760 1143 3842 immemor,¹

342 3855 527 3940 Humilem,
544 3877 619 3922 eum
637 3859 718 3940 quid
732 3862 859 3927 futurus
868 3864 955 3950 ipse,
971 3864 1103 3930 nesciat.
