2916 4790
330 419 519 482 nulnum
539 375 795 480 amomum
814 415 891 478 nm.
908 417 966 481 m

162 557 333 648 Quamvis
348 561 386 624 in
402 559 474 643 ipsa
490 569 585 624 natus
601 559 663 622 sim
681 581 786 659 pqene
801 563 932 640 schola,

164 668 361 745 Curamque
371 663 515 727 habendi
528 663 659 746 penitus
675 666 774 728 corde
785 665 959 747 eraserim,

163 769 212 830 Et
228 767 325 829 laude
338 767 443 828 multa
461 763 562 826 vitam
572 765 608 828 in
625 767 711 828 hano
725 765 955 848 incubuerim,

165 871 352 936 Fastidiose
366 882 476 934 tamen
490 871 526 932 in
546 880 674 934 coetum
689 870 842 953 recipior.

166 977 264 1062 Quid
278 975 445 1064 crediaifllli
457 978 619 1059 accidere,
637 979 694 1060 qui
710 999 845 1068 magnas
859 997 940 1062 opes

164 1085 378 1169 Exaggerare
393 1081 520 1163 quaerit
535 1082 628 1146 omni
645 1081 774 1168 vigilia,

164 1187 279 1270 Docto
290 1187 397 1251 labori
411 1190 508 1250 dulce
520 1207 724 1270 praeponens
744 1189 897 1254 luorum?
959 1239 962 1246 .

162 1295 236 1358 Sed
247 1294 330 1373 iam,
347 1297 567 1375 quodcunque
579 1293 692 1374 fuerit,
710 1294 767 1374 (ut
780 1293 861 1356 dixit
876 1293 995 1377 Sinon,

162 1401 225 1462 Ad
239 1419 350 1487 regem
364 1419 440 1462 cum
453 1396 639 1462 Dardaniae
654 1402 829 1480 perductus
843 1400 971 1483 foret,)

163 1503 312 1566 Librum
331 1507 472 1566 exarabo
489 1504 621 1566 tertium
635 1505 753 1589 Aesopi
766 1505 858 1587 stilo,

162 1594 302 1671 Honori
312 1619 343 1672 et
353 1608 478 1674 meritis
491 1610 645 1674 dedicans
656 1611 752 1673 illurn
769 1610 841 1672 tuis.

164 1717 280 1800 Quem
293 1716 321 1779 si
336 1718 439 1802 leges,
456 1716 619 1794 laetabor3
633 1715 686 1781 sin
700 1728 809 1780 autem
825 1714 949 1800 minus,

98 1895 99 1902 ἵ
163 1823 351 1884 Habebunt
366 1832 467 1898 certe,
485 1840 552 1900 quo
566 1840 602 1884 se
613 1821 777 1882 oblectent
794 1817 927 1900 posteri.

211 1927 320 2006 Nunc,
332 1926 518 1989 fabularum
535 1946 593 1989 cur
602 1925 644 1988 sit
654 1925 827 1988 inventum
844 1943 965 2012 genus,
1037 1983 1039 1990 Α

166 2032 267 2098 Brevi
278 2035 412 2096 docebo.
429 2034 573 2099 Servitus
592 2034 752 2116 obnoxia,

168 2139 278 2221 Quia,
290 2161 375 2220 quae
389 2142 536 2222 volebat,
556 2159 626 2204 non
641 2141 782 2202 audebat
796 2137 922 2220 dicere,
958 2202 966 2223 ¹

170 2237 316 2305 Allectus
331 2244 483 2326 proprios
499 2243 536 2304 in
553 2245 689 2308 fabellas
703 2231 883 2323 transtulit,
979 2273 981 2278 ·

171 2349 445 2430 Calumniamque
457 2349 540 2412 fictis
556 2351 652 2414 elusit
667 2349 757 2414 iocis.

170 2454 243 2539 ligo
258 2445 347 2520 illius
367 2471 428 2536 pro
446 2453 562 2525 semita
578 2452 641 2514 feci
656 2451 762 2544 viam,

170 2558 212 2620 Et
227 2556 370 2643 cogitavi
390 2559 504 2640 plura,
520 2555 621 2638 quarn
635 2557 832 2639 reliquerat,
887 2572 889 2578 ’

170 2661 211 2724 In
230 2661 447 2725 calamitatem
467 2660 614 2748 deligens
631 2664 793 2744 quaedam
810 2679 928 2726 meam.

170 2763 299 2846 Quodsi
311 2773 480 2828 accusator
494 2762 578 2826 alius
596 2765 714 2828 Seiano
732 2765 832 2847 foret,

168 2866 207 2931 Si
221 2867 307 2932 testis
320 2867 422 2951 alius,
435 2867 534 2932 iudex
548 2869 632 2933 alius
648 2867 811 2950 denique,

164 2970 317 3059 Dignum
333 2970 454 3036 'faterer
468 2994 536 3037 esse
554 2993 607 3036 me
620 2972 715 3036 tantis
732 2973 846 3056 malis,

165 3079 237 3140 Nec
247 3076 299 3140 his
315 3079 464 3140 dolorem
479 3078 659 3142 delenirem
673 3075 836 3142 remediis.

167 3181 363 3264 Suspicione
377 3181 406 3258 si
425 3182 498 3264 quis
514 3182 635 3246 errabit
654 3203 727 3265 sua,

67 3353 69 3358 s
132 3327 138 3332 -
167 3285 210 3348 Et
224 3286 327 3370 rapiet
341 3287 445 3368 adse,
461 3288 550 3365 quod
562 3286 624 3350 erit
641 3307 815 3351 commune
829 3285 994 3370 omnium,

170 3389 274 3454 Stulte
284 3392 422 3455 nudabit
432 3391 536 3455 animi
550 3393 793 3484 conscientiam.

170 3500 259 3562 Huic
272 3511 461 3566 excusatum
477 3523 532 3565 me
548 3503 648 3567 velim
664 3501 894 3566 nihilominus:

170 3605 283 3682 Neque
299 3605 386 3666 enim
400 3615 513 3670 notare
529 3607 676 3695 singulos
692 3629 785 3672 mens
800 3618 846 3671 est
864 3605 964 3689 mihi,

170 3709 294 3774 Verum
306 3708 411 3791 ipsam
420 3710 522 3772 vitam
536 3721 568 3774 et
580 3732 687 3776 mores
698 3713 871 3775 hominurn
883 3711 1065 3774 ostendere.
1080 3711 1119 3772 50

210 3816 294 3878 Rem
304 3836 357 3880 me
367 3815 550 3900 professum
561 3817 647 3884 dicet
658 3819 724 3882 fors
734 3815 854 3898 aliquis
862 3835 1011 3907 gravem,
