2916 4790
479 409 552 484 ΒΕ
585 412 899 487 AVIANO.-
979 435 1142 494 axxxvtt
1227 415 1230 422 ’

184 571 294 636 liorum
316 585 491 645 auctorem,
508 571 681 634 arbitratur.
693 570 789 652 Quod
806 587 914 636 auctor
934 571 1141 652 Macrobium‚

185 663 639 750 quemdignitatePraefecturae
650 666 727 728 sacri
738 666 868 728 cubiculi
876 669 1140 746 evectumdicunt,

185 759 355 832 familiarius
375 758 486 840 alloqui
502 759 624 825 videtur
647 761 773 822 Theodosi
787 763 902 846 optime,
923 761 953 822 id
972 759 1077 824 mirum
1095 765 1141 828 vi·

184 851 246 914 deri
262 853 374 914 nemini
393 851 499 925 debet,
516 851 664 932 siquidem
679 851 817 912 Avienus
829 853 913 934 ipse,
931 853 1016 914 cuius
1027 871 1137 917 statum

119 967 125 978 ·
184 961 216 1005 et
233 959 357 1008 munera
370 946 562 1026 ignoramus,
584 942 665 1006 sorte
684 963 745 1005 non
765 943 892 1006 inferior
912 945 1054 1026 dignitate
1071 945 1141 1010 fue·-

182 1039 244 1116 rit,
259 1055 352 1120 atque
366 1027 491 1099 ‘etiamsi
512 1035 625 1112 fuerit,
647 1037 707 1100 hoc
720 1035 792 1100 loco
804 1055 903 1101 tamen
914 1037 1137 1118 Theodosium,

182 1135 317 1214 seposita
335 1131 404 1200 eius
421 1129 581 1212 dignitate,
606 1147 641 1192 ut
665 1130 764 1193 virum
784 1131 906 1193 doctum
928 1148 960 1193 et
971 1133 1027 1194 sibi
1049 1132 1137 1197 sami-

182 1227 283 1290 liarem
301 1244 427 1310 spectat.
454 1225 531 1314 Nam
546 1227 577 1288 in
595 1222 780 1310 praefatione
797 1226 868 1288 satis
887 1242 989 1307 aperte
1013 1227 1137 1309 profire·

181 1332 247 1391 tur,
259 1318 338 1381 velle
356 1338 389 1382 se
405 1319 511 1383 oblato
527 1317 693 1382 fabularum
708 1317 806 1382 libello
825 1334 940 1400 gratum
959 1317 1059 1382 facere
1075 1321 1136 1383 ho-
1197 1354 1200 1360 ·

181 1411 253 1471 mini
282 1411 423 1488 erudito;
450 1426 482 1472 et
508 1409 595 1496 plane
623 1410 654 1470 in
683 1409 875 1472 Macrobium
898 1410 1134 1474 Grammaticum
1184 1422 1187 1428 '

180 1505 342 1580 convenit,
362 1506 443 1588 quod
456 1503 505 1568 ille
521 1503 663 1566 iudicium
684 1503 720 1564 de
741 1521 799 1566 suo
817 1501 994 1580 Theodosio
1012 1505 1133 1572 inserit:

181 1599 257 1678 Quis
266 1616 347 1662 urum
363 1603 392 1660 de
407 1600 540 1672 oratione,
552 1597 610 1680 quis
625 1602 655 1658 de
666 1601 790 1676 palmate*
799 1598 941 1680 quuatur?
952 1620 1009 1660 curu
1022 1599 1051 1658 in
1064 1619 1135 1661 utro·

178 1719 226 1777 qut
235 1697 365 1760 literanum
382 1721 468 1782 grum
481 1716 506 1758 tt
516 1698 624 1758 Atticus
641 1695 740 1766 Graeca
754 1697 890 1760 eruditione
903 1719 1005 1777 superes
1012 1745 1023 1772 ,
1040 1691 1066 1759 ei
1078 1699 1134 1760 La·

177 1790 283 1850 rinirate
301 1793 446 1852 Romanos.
466 1789 538 1852 Non
559 1789 647 1851 aliter
666 1808 698 1851 se
717 1789 872 1851 Ausonius
894 1791 987 1871 gerit,
1014 1793 1133 1874 quando

177 1883 215 1942 ad
229 1883 359 1946 Probum
382 1883 567 1948 Praefectum
586 1883 679 1944 Praet.
698 1884 736 1942 de
757 1899 790 1945 re
806 1881 906 1962 aliqua
919 1883 1049 1945 literaria
1061 1883 1134 1948 scri·
1212 1890 1228 1910 ‘

176 1973 230 2036 bit.
251 1975 349 2058 Quasi
371 1979 529 2038 immemor
542 1993 680 2036 summae
698 1975 763 2036 eius
783 1974 957 2056 dignitatis,
980 1995 1078 2061 aeque
1091 1976 1136 2038 sa·
1222 1977 1225 1982 ’

128 2123 129 2128 ,
177 2067 330 2132 miliariter
354 2090 422 2132 eum
441 2071 621 2152 alloquitur,
643 2069 745 2140 Probe,
764 2070 808 2127 vir
831 2068 931 2148 optime.
950 2069 1093 2134 Ceterum
1107 2074 1132 2136 si

176 2174 331 2219 auctorem
347 2159 511 2222 fabularum
530 2163 669 2242 recogito
691 2157 864 2222 familiarem
887 2159 1034 2223 Macrobii
1055 2161 1132 2225 titis-

177 2269 229 2324 se,
249 2251 328 2314 subit
346 2255 476 2322 animum
499 2255 649 2336 suspicio,
674 2251 800 2316 fortasse
822 2271 892 2316 eum
915 2273 991 2316 vero
1010 2257 1131 2318 nomine

176 2345 335 2406 Flavianum
362 2365 428 2408 esse
455 2347 647 2418 vocandum,
669 2345 740 2427 quia
762 2346 805 2408 sic
825 2347 991 2430 appellatur
1014 2369 1092 2416 unus
1112 2367 1131 2410 e

149 2477 151 2482 -
175 2433 659 2498 confabulatoribussatumalitiis
677 2434 844 2508 Macrobii;
860 2452 951 2516 atque
969 2437 999 2498 id
1015 2439 1045 2499 in
1069 2437 1128 2500 Co·

173 2525 290 2589 dicibus
308 2527 436 2608 antiquis
454 2526 621 2590 fabularum
646 2543 818 2612 repertum,
838 2545 995 2610 perperam
1020 2531 1049 2592 in
1067 2531 1131 2596 duo

173 2617 295 2680 nomina
311 2620 400 2679 Flauii
415 2621 520 2681 Aviani
533 2619 706 2682 distractum
722 2635 779 2682 est.
790 2646 808 2678 tt

171 2787 178 2796 ·
212 2711 354 2787 Fabulae,
368 2733 443 2794 quas
454 2713 493 2774 ab
510 2711 632 2774 Aviano
655 2713 775 2775 relictas
795 2715 941 2792 terimus,
961 2716 1129 2800 ignorantia

172 2807 413 2890 paedagogorum
441 2804 530 2867 vaide
548 2805 752 2888 'interpolatas
779 2807 810 2868 et'
838 2807 1014 2894 defoedatas
1042 2831 1125 2880 esse,

153 2895 341 2984 'suspicatur
356 2899 557 2982 Cannegieter
574 2901 605 2960 in
625 2901 754 2963 Dissert.
777 2900 910 2985 cit.·cap.
929 2919 1003 2966 xvt.
1026 2904 1128 2966 Exstat

171 2993 276 3054 ineas
302 2991 411 3073 duplex
441 2992 684 3056 Commentarius
708 3011 819 3056 vetus:
848 2994 923 3056 alter
953 2997 1126 3078 antiquior,

170 3099 259 3168 quem
281 3087 386 3148 habuit
401 3087 559 3161 Bairhius,
573 3088 654 3166 (vid.
680 3088 808 3152 Advers.
821 3088 960 3150 XXXIX.
979 3091 1030 3170 7.)
1049 3109 1078 3153 et
1095 3093 1125 3154 in·

171 3195 257 3237 suum
272 3166 360 3259 u‘surn
376 3181 471 3240 vertit
484 3178 738 3258 Cannegieterus‚
752 3181 917 3262 inscriptus
936 3181 1058 3245 noririne
1073 3185 1126 3245 lil-

171 3269 249 3344 bini;
260 3271 335 3332 aiter
355 3271 455 3332 iunior
463 3269 477 3345 ,’
485 3272 584 3333 editus
602 3271 758 3354 aliquoties
779 3273 836 3336 sub
849 3277 987 3338 Commerui
1003 3278 1124 3344 nomine

171 3364 202 3424 in
217 3365 331 3428 Aviani
345 3363 481 3441 fabulas,
493 3365 605 3428 nullius
622 3367 672 3426 ille
685 3366 783 3450 pretii.

528 3655 758 3675 ι-θ--ι--ι
