2910 4786
539 507 739 580 VITA.
1054 531 1108 590 xv

163 664 216 736 his
236 663 456 760 potissimum
484 666 705 759 temporibus
724 669 895 760 aspernati
922 694 1006 742 eum
1027 695 1110 743 coe·

163 779 269 872 pisse3
287 777 388 870 quod
398 776 538 870 imperii
548 779 687 848 clavum
700 775 857 851 desueto
868 779 1063 871 uideretur,
1075 799 1111 854 et

163 886 306 984 ignavus
322 887 514 984 Caprearum
529 905 670 979 angusta
681 889 714 956 in
729 913 807 986 rupe
818 889 957 966 rederet.
971 901 982 938 ¹
1000 907 1110 986 atque

163 999 348 1084 otiaretur,
374 1013 494 1068 tutore
517 993 655 1066 Seiano.
682 995 788 1068 Tunc
811 998 940 1086 etiam,
965 1019 1111 1074 auctore

161 1106 338 1194 Τειςίῑο,2
357 1106 563 1178 contumeliae
583 1107 616 1176 in
637 1129 707 1176 eum
726 1107 853 1180 dictae:
872 1108 1010 1210 etflura
1024 1117 1110 1188 senio

162 1243 250 1290 mens
270 1235 302 1288 et
322 1220 470 1287 continuo
491 1216 635 1288 abscessu
655 1215 744 1288 uelut
760 1219 909 1290 exsilium
927 1221 1110 1314 aliquanto

161 1345 243 1421 post
265 1353 285 1398 a
303 1325 449 1398 Fulcinio
467 1323 588 1395 Trione
607 1325 736 1396 obiectu
754 1325 838 1398 Non
855 1344 976 1401 tamen
995 1331 1111 1404 credi·

160 1435 299 1522 desim,
327 1434 550 1519 Phaedrum,
586 1431 710 1504 omissa
736 1434 968 1526 crudelitate,
992 1441 1111 1516 solum

162 1545 337 1644 ignaviam
357 1562 467 1637 atque
488 1542 717 1614 inutilitatem
741 1542 876 1616 Tiberii
891 1545 1010 1618 fabula
1032 1573 1110 1624 ute·

163 1677 297 1732 monta
311 1658 471 1730 deridere
485 1657 655 1743 voluisse,
676 1656 779 1748 quod
795 1659 922 1730 volunt
935 1657 1111 1732 Derbillo·

161 1773 241 1842 nius
254 1787 291 1840 et
304 1769 485 1840 Tristanus
499 1765 676 1861 (Histoire
690 1767 752 1840 des
766 1766 1002 1868 Empereurs)
1019 1771 1111 1844 Cru-

162 1880 248 1952 delis
263 1879 358 1952 enirn
372 1902 442 1950 esse
455 1902 531 1950 non
546 1876 697 1950 destitit:
714 1899 790 1948 uon
805 1878 911 1978 igitur
922 1881 1030 1954 aliurn
1044 1905 1110 1978 per

161 1991 320 2085 hydrum
342 1988 514 2062 nutavisse
533 1987 675 2062 videtur
689 1999 815 2084 poeta,
840 2014 949 2082 quam
970 1992 1109 2068 huncce

158 2098 461 2196 imperatorem,t
482 2099 547 2172 nisi
570 2101 650 2192 quis
672 2099 774 2170 malit
797 2097 993 2198 intelligere
1015 2103 1110 2176 Seia·

158 2235 273 2297 num,
301 2212 578 2284 instrumentum
606 2208 820 2282 crudelitatis
845 2235 938 2284 suae.
979 2213 1109 2308 Neque

160 2320 269 2391 obiici
289 2335 439 2408 potesta
458 2319 500 2386 cl.
516 2317 638 2386 lacobs
658 2321 695 2386 in
711 2317 846 2390 erudita
868 2318 1109 2396 dissertatione

160 2427 208 2498 de
221 2422 493 2496 Fabulato'ribus
510 2421 659 2508 Latinis,
680 2423 837 2517 hydrum
861 2427 966 2499 istum
983 2429 1030 2500 de
1042 2431 1110 2504 Ca·

158 2533 268 2632 ligula
282 2555 357 2602 non
378 2553 480 2626 posse
496 2530 671 2626 intelligi,
694 2533 779 2623 quia
801 2534 921 2606 fabula
936 2537 983 2608 de
1001 2540 1107 2612 Ranis

158 2668 300 2744 graecae
316 2641 360 2713 sit
386 2642 536 2740 originis.
568 2641 673 2750 Quae
696 2642 841 2714 enimsi
862 2669 943 2718 vera
969 2667 1108 2739 essent,

158 2753 220 2830 vi'x
237 2759 357 2828 liceret
371 2751 612 2837 contendere,
633 2751 822 2824 Tiberium
834 2778 853 2823 a
866 2753 1028 2828 Phaedro
1040 2781 1107 2852 per

158 2866 323 2965 hydrum
332 2880 497 2936 notatum
516 2860 629 2933 fuisse.
645 2857 722 2932 sed
737 2863 816 2953 quis
834 2861 944 2956 possit
964 2865 1108 2938 dubita·

158 3001 216 3063 re,
231 2985 375 3068 poetam
392 2969 544 3053 fabulas,
566 2967 611 3038 ab
622 2962 765 3060 Aesopo
787 2967 966 3055 inventas,
989 2989 1106 3046 etate

147 3083 317 3164 ,uersibus
327 3079 465 3152 senariis
481 3075 628 3170 politas,
652 3071 757 3170 genio
776 3076 884 3146 seculi
905 3099 1108 3150 accommo-

160 3191 315 3278 davisse,
336 3185 568 3276 eundemque
580 3180 813 3274 subantiquis
829 3183 896 3254 illis
914 3183 1041 3256 fabulis
1053 3212 1106 3286 res
1221 3271 1223 3280 Ι

142 3293 405 3372 'suamemoria
420 3307 528 3392 gestas
548 3284 698 3362 soluisse
716 3286 946 3376 adumbrare3
968 3316 1052 3366 cum
1072 3296 1105 3366 ei

159 3431 261 3482 mens
273 3423 380 3490 esset,
403 3419 445 3472 ut
462 3402 536 3495 ipse
548 3413 693 3470 testatur
708 3395 800 3470 Ptol.
815 3397 874 3470 111.
888 3421 945 3488 50.
960 3406 1060 3474 vitum
1073 3421 1105 3474 et

159 3537 261 3586 mores
278 3512 439 3582 lominum
450 3506 622 3580 ostendere.

195 3657 332 3710 tluvenal.
342 3655 394 3710 Sat.
401 3653 433 3706 X.
442 3669 485 3722 93.
651 3645 774 3718 tierriper
786 3649 903 3717 hydrunt.
914 3649 973 3703 Vid.
987 3649 1105 3704 Addenrla

194 3734 309 3786 admul.
319 3733 366 3786 lv.
374 3747 418 3796 4².
429 3745 455 3784 et
464 3729 512 3782 Vl.
523 3731 564 3796 38·
650 3734 681 3783 ad
692 3733 731 3784 ed.
741 3731 891 3800 Heusinger·
909 3749 948 3782 an.
963 3749 1035 3802 1772.
1047 3743 1104 3786 uot-

194 3813 270 3878 3lam
283 3813 341 3865 olim
352 3809 522 3882 Heusingerus
534 3808 614 3871 vidit,
650 3811 674 3864 k.
685 3825 712 3866 et
720 3811 750 3864 ad
758 3811 831 3865 siut.
842 3811 898 3864 su.
908 3811 940 3862 11.
949 3828 990 3874 ²4·

158 3893 288 3948 Tiberium
296 3931 305 3960 ,
313 3909 365 3946 uon
374 3893 522 3972 Caligulam,
533 3892 614 3962 signi·
