2910 4786
454 626 459 634 ,
571 547 828 620 VITA.'
1074 571 1147 624 xus

246 707 284 776 Ia
304 703 519 776 columnatam
534 701 675 796 deligent
686 703 839 799 quaedam
851 727 963 772 meam.

200 809 345 915 Quibus
368 835 387 880 e
410 809 525 880 verbis
540 810 658 907 colligi
681 827 821 904 potest,
843 809 1010 904 scripsisse
1033 809 1145 885 Phae·

198 916 464 1006 drumfabulaa,
479 918 738 1010 quibus-Seiani
753 919 977 1014 aliorumque
990 919 1055 990 iras
1063 943 1145 998 con·

198 1029 341 1112 citarets
366 1028 431 1098 etsi
445 1027 640 1114 simularet,
654 1027 809 1099 sibinen
822 1043 982 1101 mentem
995 1051 1066 1098 esse
1077 1051 1148 1100 no·

197 1154 270 1210 tare
282 1137 462 1231 singulos,
483 1136 577 1210 Ptol.
591 1135 654 1206 lib.
668 1135 731 1206 111.
752 1157 799 1224 40
810 1172 828 1201 a
840 1156 898 1226 50.
917 1133 1036 1208 Verba
1048 1136 1145 1210 enim

238 1249 286 1326 ,ln
302 1246 520 1336 calamitatem
533 1245 674 1340 deligens
687 1243 843 1342 quaedam
859 1270 984 1322 meam·

196 1383 274 1433 non
298 1357 560 1451 interpretanda
583 1375 686 1432 sont:
708 1357 883 1432 nonnulla
901 1359 1080 1453 applicans
1100 1359 1146 1430 ad

139 1519 148 1558 ρ
197 1472 304 1556 mala,
335 1494 427 1562 quae
454 1493 570 1563 passus
593 1492 694 1554 sum,
720 1467 845 1560 quod,
876 1488 1012 1562 praeter
1036 1470 1144 1556 alios,
1160 1541 1174 1554 ,

196 1583 276 1652 vult
288 1577 448 1666 Cassius,
464 1575 618 1674 Anglust
645 1576 707 1648 sed
723 1576 788 1648 itas
803 1575 900 1648 unde
914 1578 1000 1648 mihi
1016 1601 1079 1670 per
1090 1601 1147 1650 ca·

196 1690 376 1791 lumniam*
391 1689 621 1770 inimieorum
640 1703 762 1780 postea
787 1687 960 1758 cahmitas
974 1685 1044 1761 fuit
1060 1713 1147 1761 con·

197 1797 290 1870 flata·
314 1795 414 1874 Idem
437 1797 507 1868 hoc
525 1793 705 1868 Phaedrus
724 1793 844 1868 fabula
856 1796 904 1866 de
916 1797 1012 1868 Carae
1025 1797 1147 1869 etVe-
1208 1812 1216 1826 ²

193 1919 344 1985 natore¹
367 1905 413 1976 ad
437 1905 616 1976 Philetum
640 1901 836 2000 significare
857 1902 1011 1974 videtur.
1043 1903 1148 1990 Canis
1209 1951 1213 1962 ·

41 2063 44 2068 -
196 2014 294 2086 enim
308 2017 367 2086 ille
388 2013 590 2101 venaticus,
613 2011 715 2084 fortis
737 2009 824 2082 olim
845 2007 1007 2082 adversus
1023 1999 1162 2086 omnes'

146 2113 148 2117 ’
195 2125 303 2210 feras,
328 2121 1015 2220 nuncaunisingraiantibuslangueas,
1035 2145 1148 2214 quem
1205 2149 1216 2160 ·

197 2233 387 2304 adumbrat
412 2231 545 2317 alium,
580 2255 691 2322 quam
715 2233 832 2324 ipsum
857 2229 997 2302 fabulae
1023 2251 1149 2306 aucto·

197 2342 299 2410 rem?
312 2351 329 2386 ²
346 2339 399 2408 Ac
418 2363 497 2408 mea
513 2339 663 2430 quidem
681 2339 853 2410 sententia
874 2339 1052 2440 Phaedrus
1067 2359 1149 2434 post

199 2446 336 2520 Tiberii
348 2469 520 2518 secessum
536 2447 574 2518 in
587 2447 735 2540 Capreas
754 2449 928 2557 insulam,
948 2451 1033 2520 vivo
1053 2451 1149 2522 Sela·

198 2581 248 2630 no
263 2575 300 2628 et
311 2553 485 2641 florente,
509 2553 600 2626 duos
620 2553 752 2650 priores
771 2553 970 2627 fabularum
991 2559 1100 2630 libros
1111 2561 1148 2632 in

197 2669 319 2752 lucem
332 2663 457 2738 emisit·
477 2662 513 2732 N
517 2685 565 2734 on
583 2661 684 2733 enim
705 2675 815 2734 unam
838 2665 1029 2738 alteramve
1047 2665 1150 2738 fabu-

198 2779 269 2850 lam
284 2777 349 2848 sibi
362 2772 554 2865 amicisque
574 2786 717 2844 tautum
738 2774 975 2864 composuisse
994 2776 1082 2846 mihi
1098 2778 1150 2848 vi·

200 2884 328 2972 detur,
351 2880 514 2954 traditam
537 2878 716 2950 deindein
741 2902 866 2950 manus
883 2881 1148 2975 mrrltitudinis,

201 2989 293 3086 quae
307 3007 357 3062 est
369 2987 582 3060 Desbillonii
604 2989 787 3061 sententia.
803 2989 968 3084 Namque
985 3015 1062 3064 non
1077 3019 1148 3066 nna

199 3103 337 3172 ratione
356 3098 508 3169 inducor
523 3097 569 3168 ad
589 3097 830 3193 credendum,
850 3101 1050 3173 Phaedrum
1065 3105 1149 3174 scri-
1186 3107 1187 3114 ’

200 3211 304 3306 psisse
324 3206 605 3295 omnibus,.non
618 3197 785 3304 singulis,
801 3225 843 3280 ut
862 3211 1062 3282 luculenter
1082 3213 1156 3284 ἀοι(

201 3321 336 3394 cebunt
357 3321 551 3412 sequentia.
582 3319 715 3390 Contra
740 3318 838 3390 facile
855 3320 1007 3392 admitto
1027 3324 1149 3394 conie-

202 3448 338 3502 cturam
353 3426 535 3515 Brotierii‚
557 3428 712 3500 maxime
737 3426 968 3517 Desbillonih¹
988 3429 1053 3523 qui
1072 3455 1148 3504 non

201 3541 276 3612 sine
299 3561 399 3609 causa
416 3555 594 3624 statuunt,
619 3538 699 3630 libri
724 3539 830 3632 primi
850 3540 1008 3614 fabulam
1029 3561 1083 3614 vr.
1101 3542 1148 3613 de

202 3647 285 3720 Sole
298 3665 334 3718 et
350 3646 455 3720 Ranis
478 3646 523 3716 ad
536 3646 704 3720 invidiam
720 3647 844 3719 Seiano
861 3647 1054 3722 faciendam
1067 3675 1148 3746 per·

202 3759 362 3843 tinuisse3
382 3757 484 3852 quod
497 3757 654 3846 Liviam,
672 3759 744 3829 sive
757 3757 942 3849 Livillam,
957 3759 1062 3834 Drusi
1076 3761 1149 3832 Ne-

239 3903 249 3940 t
264 3885 319 3940 tib.
326 3887 363 3942 V.
371 3887 431 3941 tas.
443 3905 483 3942 ιο.
693 3891 816 3942 billonius
828 3889 901 3960 Disp.
917 3892 960 3952 cit.
976 3909 1034 3962 pap⁴
1046 3905 1089 3947 xr.
1105 3889 1150 3956 uhi
1165 3889 1169 3906 Χ

235 3965 334 4018 'allano
343 3968 492 4022 senteutiam
501 3963 657 4027 tuetuDes·
694 3969 762 4024 side.
849 3963 851 3974 '
