2848 4792
334 391 391 494 ἰη
481 465 487 470 .
543 419 784 520 servir
823 395 1071 484 rursur

307 595 311 598 ·
329 575 411 635 Nam
429 563 555 654 gelidos
570 571 659 622 artus
670 557 756 620 vitae
769 567 806 618 ut
819 564 987 619 revocaret
1002 554 1039 618 in
1051 575 1162 638 usum,

367 675 496 740 Asslatas
509 667 615 731 calido
625 669 764 729 solverat
778 685 834 726 ore
851 663 977 725 manus.
1264 681 1311 722 ro

329 787 392 850 Sed
407 802 482 844 cum
499 776 635 857 depulso
648 772 804 854 coepisset
822 770 943 856 frigore
955 771 1058 832 laetus

368 884 512 967 Hospitis
530 879 651 944 eximia
670 877 841 941 sedulitate
857 877 938 938 frui:
960 941 962 944 ,

327 992 500 1077 (Namque
510 989 567 1050 ille
579 994 739 1072 agrestem
755 982 888 1064 cupiens
900 983 1069 1046 ostendere
1084 977 1191 1041 vitam
1198 1023 1212 1061 ,

367 1095 531 1156 Silvarum
548 1089 690 1152 referens
703 1087 827 1168 optima
836 1105 987 1168 quaeque
1000 1087 1115 1162 dabat3
1157 1119 1165 1136 .

328 1201 455 1264 Obtulit
467 1207 498 1260 et
509 1195 616 1258 calido
633 1194 768 1274 plenum
784 1200 914 1252 cratera
924 1181 1052 1272 Lyaeo,
1249 1189 1299 1250 15
1406 1261 1407 1282 ᾖ

306 1289 308 1294 ’
367 1305 468 1364 Laxet
485 1309 520 1362 ut
534 1297 659 1359 infusus
668 1277 790 1380 fiigida
801 1297 949 1356 membra
966 1293 1099 1378 tepors)
1406 1285 1407 1294 ’

326 1411 386 1472 Ille
396 1406 454 1469 ubi
468 1405 647 1466 ferventem
659 1402 760 1464 labris
775 1400 1089 1488 contingeretestam

323 1517 326 1524 '
366 1510 519 1591 Horruit,
539 1508 663 1594 algenti
678 1521 790 1570 rursus
802 1509 845 1570 ab
860 1527 917 1569 ore
931 1505 1023 1586 tulin

327 1615 642 1699 Obstupuitduplici
655 1612 1006 1702 monstroperterritus.
1020 1616 1155 1698 hospes,
1268 1685 1271 1690 ,
1307 1627 1312 1634 ’

366 1726 405 1786 Et
419 1724 550 1806 pulsum
566 1719 657 1782 silvis
672 1719 804 1806 longius
817 1720 865 1783 ire
877 1718 978 1782 iubet.
1242 1739 1284 1783 ao

325 1830 427 1908 Nolo,
442 1824 502 1906 ait,
517 1833 555 1887 ut
567 1823 685 1888 nostris
700 1845 849 1905 untprsm
863 1825 1051 1890 successerit
1064 1822 1184 1906 antris,

363 1935 443 1995 Tam
463 1929 590 1992 diversa
607 1931 673 1993 duo
687 1929 746 2010 qui
761 1929 860 1992 simul
875 1948 932 1991 ore
950 1929 1039 1991 ferat.

282 2029 293 2052 ⁰
325 2033 392 2120 Qui
409 2036 494 2120 benc
508 2033 706 2114 colloquitur
719 2052 844 2112 coram,
857 2033 915 2096 sed
926 2041 1036 2112 postea
1048 2044 1165 2112 prave3

365 2137 429 2202 Hic
443 2138 503 2201 erit
516 2138 656 2221 invisus,
676 2139 756 2202 biua
768 2139 857 2222 quod
874 2156 933 2199 ora
949 2145 1051 2223 gerat.

550 2303 1041 2398 rneurnx'xx.

310 2517 314 2524 ·
381 2499 432 2556 ff
508 2503 821 2554 VILLICUSET
848 2500 1122 2556 DOMINUse'

327 2637 551 2748 Vssrnursn
566 2684 688 2760 segetes
701 2682 733 2737 et
749 2672 884 2758 pinguia
901 2676 988 2737 culta
1005 2682 1162 2744 ruentem*

241 2774 246 2784 ¹
335 2768 336 2772 ¹
361 2783 516 2862 Liquerat
527 2781 651 2842 abscisa
664 2780 814 2841 Rusticus
826 2799 905 2842 aure
918 2802 1030 2861 suem,

247 2953 252 2964 ,
323 2891 366 2952 Ut
377 2908 503 2950 memor
516 2887 640 2970 accepti
656 2887 800 2950 referens
813 2873 1025 2950 monumeuta
1039 2886 1162 2950 doloris

364 2996 505 3058 Ulterius
522 2994 638 3058 teneris
654 3006 801 3076 parceret
816 2994 873 3056 ille
890 2994 975 3057 satis.

322 3099 446 3162 Rursus
455 3099 491 3161 in
506 3099 632 3181 excepti
647 3101 824 3182 deprensus
840 3100 977 3163 crimine
991 3098 1114 3182 campi,
1257 3101 1275 3164 5

363 3206 507 3284 Perdidit
519 3205 665 3267 indultae
681 3203 823 3286 perfidus
838 3202 924 3266 auris
940 3224 1032 3266 onus.

321 3307 388 3368 Nee
399 3296 503 3385 niora,
518 3307 702 3388 praedictae
717 3307 817 3402 segeti
834 3318 931 3389 caput
947 3307 1058 3369 intulit
1069 3309 1226 3392 horrens,

361 3413 470 3472 Poena
481 3415 538 3472 sed
549 3412 725 3496 iudignum
738 3413 963 3498 congeminata
977 3412 1063 3473 facit.

224 3585 225 3588 Ἴ
274 3553 277 3561 =
321 3518 413 3579 Tunc
429 3515 564 3577 Domini
576 3527 706 3598 captum
724 3519 843 3582 mensis
857 3518 946 3581 dedit
957 3517 1013 3579 ille
1025 3517 1190 3601 superbis,

360 3625 399 3682 Iu
411 3621 517 3686 varias
529 3624 642 3706 epulas
655 3623 797 3712 plurima
810 3627 909 3689 frusta
923 3645 1044 3704 secans.
1228 3648 1269 3691 so
1335 3708 1338 3714 Ι

320 3725 381 3816 Sed
388 3719 467 3786 'cum
480 3727 640 3790 consumti
653 3729 812 3792 Dominus
827 3750 884 3793 cor
898 3725 1067 3810 quaereret
1081 3729 1170 3815 apri,

359 3831 535 3916 Impatiens
547 3826 650 3900 ie'rtur
664 3855 720 3899 eor
733 3836 880 3921 rapuisse
898 3855 1030 3917 coquus·
1077 3865 1085 3882 ·
