2848 4792
332 409 371 474 ff
631 391 981 454 nuruuurx

331 515 384 600 sic
395 543 441 598 est
458 538 600 597 locutus:
616 534 650 597 Si
662 553 774 596 canem
788 506 1089 596 immundissimum

331 647 370 706 In
385 655 509 705 tantum
523 639 674 702 dominus
691 651 721 701 et
734 637 858 700 familia
871 639 996 724 diligit,

331 752 419 833 Quid
442 771 491 810 rue
507 749 670 830 futurum,
690 744 716 806 si
734 763 794 826 par
810 742 862 804 illi
882 743 990 804 fecero

332 852 497 928 Officium,
519 853 623 912 multo
636 849 693 929 qui
708 871 781 911 sum
802 847 918 909 melior
929 850 992 910 hoc
1011 869 1106 931 cane,
1126 841 1131 850 ¹

331 961 505 1034 Rebusque
521 956 671 1037 pluribus
685 953 773 1018 utilis
790 963 821 1016 et
836 954 1034 1016 laudabilis?

330 1066 411 1125 Alor
423 1065 479 1142 qui
494 1075 622 1124 sauctae
638 1061 782 1124 fontibus
797 1061 887 1142 puris
900 1082 1023 1142 aquae,

331 1164 479 1243 (liboque
491 1184 659 1244 nunquam
671 1165 760 1224 soleo
770 1163 860 1244 pasci
872 1163 1016 1226 sordido.

329 1272 409 1333 Sum
423 1289 500 1332 sane
517 1273 624 1332 catulo
643 1271 773 1356 dignior
790 1270 857 1332 vita
874 1270 942 1330 frui

294 1387 297 1397 '
331 1374 494 1462 Boanum,
511 1375 671 1437 honorem
684 1386 716 1438 et
728 1397 892 1440 summum
908 1359 1072 1458 consenui.

332 1479 456 1540 Asellus
467 1481 547 1539 haee
559 1480 638 1539 dum
651 1499 778 1560 secum,
794 1481 959 1542 stabulum
974 1476 1133 1562 conspicit

332 1583 457 1642 Intrare
470 1581 657 1642 dominum:
671 1602 771 1661 quare
786 1603 957 1648 accurrens
969 1582 1077 1662 ocius,

332 1685 531 1764 Rudensque
543 1685 687 1766 prosilit,
703 1696 736 1747 et
747 1687 892 1750 humeris
908 1671 1020 1748 ambos
1033 1689 1134 1768 pedes

333 1787 494 1869 Impunit‚
509 1807 609 1866 osque
624 1787 737 1872 lingua
747 1789 1009 1873 coepitlingere,

331 1891 528 1968 Vestemque
544 1887 647 1950 foedis
660 1888 809 1955 scindens
825 1891 975 1976 ungulis,
989 1890 1083 1977 gravi

332 1999 458 2059 Herum
473 1995 602 2081 fatigat,
621 1996 717 2056 stulte
733 1995 890 2076 blandus,
905 1977 1060 2077 pondere.

333 2107 483 2166 Clamore
499 2101 625 2164 domini
639 2100 819 2163 concitatur
835 2101 977 2180 familia,

332 2211 506 2286 Fustesque
519 2217 551 2268 et
561 2225 638 2268 saxa
649 2205 767 2289 passim
778 2205 938 2288 arripiens
953 2206 1070 2286 obvia,

332 2315 515 2376 Rudentem
531 2315 668 2388 mulcat3
681 2321 713 2373 et
726 2330 802 2375 mox
822 2313 976 2377 memhris
993 2313 1133 2376 debilem

332 2421 517 2502 Fractisque
536 2419 638 2502 coxis,
653 2419 781 2482 domini
795 2423 922 2502 lapsum
937 2441 956 2482 a
974 2441 1131 2503 corpore,

332 2523 568 2588 Semianimum
584 2527 715 2588 tandem
729 2525 839 2587 deiicit
855 2527 896 2587 ad
912 2525 1090 2607 praesepia.

370 2627 519 2708 Fabella,
532 2628 661 2710 ineptus
678 2647 720 2688 ne
736 2646 771 2688 se
789 2626 900 2689 invitis
916 2628 1060 2711 ingerat,

330 2727 476 2790 Melioris
495 2738 550 2791 aut
562 2726 691 2793 affectet
709 2728 873 2812 officium,
888 2732 992 2792 docet.

535 2907 894 2982 ,FABULA
943 2910 1017 2982 Xl.

455 3073 1155 3155 GRUS,coRN1xETooM1NUs.

332 3196 478 3310 Furnos
496 3251 620 3316 iuratae
635 3256 720 3316 Grus
736 3263 767 3316 et
780 3225 902 3316 Cornix
916 3253 1104 3334 iunxerant,

330 3351 501 3413 Cornicem
521 3355 605 3416 Grus
622 3361 664 3418 ab
679 3357 793 3420 avibus
807 3369 843 3420 ut
857 3360 1059 3437 defenderem

329 3455 449 3517 Cornix
466 3457 497 3516 l'u
505 3469 593 3535 tura,
609 3471 644 3519 ut
654 3463 738 3522 Grus
754 3474 894 3544 caveret,
911 3463 1042 3526 diceret.

295 3587 304 3624 t
329 3559 415 3624 Hinc
432 3583 505 3623 curn
522 3562 709 3642 frequenter
726 3569 769 3626 ad
783 3569 950 3633 cuiusdam
962 3569 1086 3634 Rustici

328 3657 451 3752 Agrum
470 3673 634 3750 volarent,
648 3683 745 3751 atque
761 3677 937 3738 evellerent
954 3686 1024 3738 sata

328 3771 514 3853 Radicitus3
531 3775 602 3862 agri
612 3777 773 3842 Dominus
789 3779 882 3863 vidit,
902 3791 933 3844 et
946 3781 1081 3862 dolens,
