2848 4792
362 434 420 495 rw
675 429 1036 494 ANONYMI‘

633 671 936 765 unnuun
988 673 1031 745 x

520 851 580 916 uu
607 860 817 916 nusrreo
845 864 901 914 ur
928 863 1158 916 couurno.

358 997 468 1116 Dum
479 1043 554 1106 nive
566 1043 817 1121 eandethumus,
826 1040 949 1128 glacies
961 1045 1042 1104 dum
1052 1041 1138 1124 sopit
1149 1061 1343 1124 aquarum

308 1205 310 1220 .
397 1158 532 1235 Cursus,
547 1151 582 1214 in
594 1153 773 1214 Colubrum
785 1151 915 1211 turbida
925 1152 1028 1213 saevit
1037 1152 1154 1214 hiems.

355 1271 453 1330 Hune
462 1266 566 1345 videt,
579 1267 668 1327 hune
678 1261 780 1324 reficit
792 1261 936 1326 hominis
948 1265 1136 1327 elementia:
1154 1277 1313 1330 ventum

395 1380 570 1458 Temperat
578 1371 656 1476 huie
673 1380 772 1452 teet0‚
786 1382 946 1454 temperat
956 1372 1035 1459 igne
1044 1377 1130 1461 gelu.

355 1486 443 1570 [Ver
459 1486 557 1565 redit,
569 1485 674 1546 imber
686 1483 769 1561 abit,
790 1493 892 1573 aestas
907 1505 983 1545 eum
994 1487 1064 1546 sole
1082 1487 1234 1570 tepescit.
1306 1490 1327 1551 ⁵

394 1593 445 1655 Sic
458 1593 665 1673 importunus
680 1588 717 1652 fit
733 1591 836 1676 magis
853 1600 949 1671 utque
966 1591 1102 1678 magis]

352 1704 421 1765 Ore
438 1700 619 1766 seritvirus
635 1701 794 1782 Coluber,
812 1701 861 1764 sie
874 1703 994 1764 toxicat
1005 1705 1133 1772 aedem.

391 1811 517 1892 Hospes
533 1805 753 1889 aitcolubro,
773 1807 846 1870 Nou
862 1806 1025 1872 rediturus
1039 1811 1105 1872 abi.

267 1964 269 1970 π
351 1924 425 1986 Non
445 1920 511 1982 exit
523 1907 757 2000 Coiuher„uee
766 1920 837 1979 vult
848 1918 956 1996 exire,
969 1922 1027 1982 sed
1039 1923 1168 2004 haeret,

391 2035 663 2115 Amplectensque
675 2029 783 2091 virum
800 2028 895 2091 sibila
905 2031 977 2093 dira
993 2042 1114 2096 movet.
1279 2060 1315 2100 ιο

350 2141 500 2204 Reddere
516 2139 636 2224 gaudet
651 2139 752 2199 homo
770 2156 913 2216 nequam
928 2157 989 2218 pro
1008 2139 1105 2200 melle
1119 2157 1312 2224 venenum,

390 2251 454 2310 Pro
466 2248 573 2310 fructu
585 2265 744 2328 poenam,
764 2223 826 2328 pro
839 2245 960 2328 pietate
976 2247 1077 2310 dolos.

611 2433 1042 2540 urrunnun

490 2719 495 2726 ,
585 2655 643 2706 ue
672 2652 811 2704 nsmo
838 2621 1059 2706 ueneno·

348 2783 488 2898 Auum
501 2833 626 2894 Asellus
637 2837 760 2913 Aprum
772 2831 838 2894 risu
850 2841 974 2892 tentare
984 2837 1158 2913 protervo,

386 2944 491 3006 Audet
508 2942 600 3011 iners
613 2939 690 3003 forti
705 2939 831 3014 dicere,
847 2941 973 3017 Frater,
987 2959 1057 2999 ave.

245 3113 248 3122 ,
340 3048 461 3114 Vibrat
471 3054 558 3132 Aper
571 3054 632 3129 pro'
643 3066 722 3108 voce
734 3051 846 3136 caput:
865 3061 942 3106 nam
958 3045 1057 3104 verba
1068 3041 1221 3125 superbit

384 3160 551 3237 Reddere,
567 3157 623 3218 sed
636 3156 767 3215 dentem
780 3151 836 3212 vix
850 3160 937 3214 tenet
948 3151 992 3212 ita
1006 3161 1138 3214 trucem.

285 3286 288 3291 ’
344 3265 403 3324 Su's
414 3274 521 3328 tamen
535 3262 594 3323 ista
608 3271 733 3323 movet:
755 3259 864 3327 Vilem
879 3260 958 3322 dens
973 3256 1095 3322 nobilis
1106 3277 1215 3321 escam
1278 3263 1298 3326 fi

382 3368 531 3450 Spernit:
549 3368 672 3432 desidia
690 3379 776 3430 tutus
791 3389 824 3429 es
837 3367 906 3449 ipse
921 3377 985 3428 tua.

342 3479 416 3540 Non
434 3476 530 3536 debet
545 3475 663 3535 stolido
678 3475 764 3534 iaedi
779 3475 956 3556 prudentia,
968 3475 1052 3559 risu,

379 3585 598 3654 Neestolidus
615 3587 756 3676 doctum*
766 3588 862 3650 debet
880 3588 970 3652 adire
984 3588 1078 3677 iocis.
