<?xml version="1.0" encoding="UTF-8"?>
<!DOCTYPE html PUBLIC "-//W3C//DTD XHTML 1.0 Transitional//EN"
    "http://www.w3.org/TR/xhtml1/DTD/xhtml1-transitional.dtd">
<html xmlns="http://www.w3.org/1999/xhtml" xml:lang="en" lang="en">
 <head>
  <title>
</title>
<meta http-equiv="Content-Type" content="text/html;charset=utf-8" />
  <meta name='ocr-system' content='tesseract 3.04.00' />
  <meta name='ocr-capabilities' content='ocr_page ocr_carea ocr_par ocr_line ocrx_word'/>
</head>
<body>
  <div class='ocr_page' id='page_1' title='image "./phaedriaugustil05phaegoog_0141.png"; bbox 0 0 2916 4790; ppageno 0'>
   <div class='ocr_carea' id='block_1_1' title="bbox 352 397 1103 474">
    <p class='ocr_par' dir='ltr' id='par_1_1' title="bbox 352 397 1103 474">
     <span class='ocr_line' id='line_1_1' title="bbox 352 397 1103 474; baseline -0.009 -8"><span class='ocrx_word' id='word_1_1' title='bbox 352 421 389 466; x_wconf 78' lang='lat' dir='ltr'><strong>aa</strong></span> <span class='ocrx_word' id='word_1_2' title='bbox 552 397 776 474; x_wconf 77' lang='lat' dir='ltr'><strong>¹PHAliDlil</strong></span> <span class='ocrx_word' id='word_1_3' title='bbox 796 397 821 459; x_wconf 86' lang='lat' dir='ltr'>F</span> <span class='ocrx_word' id='word_1_4' title='bbox 826 398 1103 460; x_wconf 73' lang='lat' dir='ltr'><strong>ABULARUM</strong></span> 
     </span>
    </p>
   </div>
   <div class='ocr_carea' id='block_1_2' title="bbox 348 523 1307 730">
    <p class='ocr_par' dir='ltr' id='par_1_2' title="bbox 348 523 1307 730">
     <span class='ocr_line' id='line_1_2' title="bbox 392 523 1307 630; baseline 0.007 -26"><span class='ocrx_word' id='word_1_5' title='bbox 392 547 560 628; x_wconf 78' lang='lat' dir='ltr'><strong>Quantum</strong></span> <span class='ocrx_word' id='word_1_6' title='bbox 570 523 837 626; x_wconf 84' lang='lat' dir='ltr'><strong>homobilinguis</strong></span> <span class='ocrx_word' id='word_1_7' title='bbox 848 561 944 624; x_wconf 87' lang='lat' dir='ltr'><strong>saepe</strong></span> <span class='ocrx_word' id='word_1_8' title='bbox 955 541 1131 604; x_wconf 85' lang='lat' dir='ltr'><strong>concinnet</strong></span> <span class='ocrx_word' id='word_1_9' title='bbox 1142 543 1237 630; x_wconf 88' lang='lat' dir='ltr'><strong>mali,</strong></span> <span class='ocrx_word' id='word_1_10' title='bbox 1267 549 1307 610; x_wconf 74' lang='lat' dir='ltr'><strong>es</strong></span> 
     </span>
     <span class='ocr_line' id='line_1_3' title="bbox 348 643 1165 730; baseline -0.001 -16"><span class='ocrx_word' id='word_1_11' title='bbox 348 643 591 714; x_wconf 80' lang='lat' dir='ltr'><strong>Documentum</strong></span> <span class='ocrx_word' id='word_1_12' title='bbox 607 647 729 710; x_wconf 89' lang='lat' dir='ltr'><strong>habere</strong></span> <span class='ocrx_word' id='word_1_13' title='bbox 745 649 842 708; x_wconf 88' lang='lat' dir='ltr'><strong>stulta</strong></span> <span class='ocrx_word' id='word_1_14' title='bbox 861 646 1036 710; x_wconf 80' lang='lat' dir='ltr'><strong>credulitas</strong></span> <span class='ocrx_word' id='word_1_15' title='bbox 1048 657 1165 730; x_wconf 78' lang='lat' dir='ltr'><strong>potest.</strong></span> 
     </span>
    </p>
   </div>
   <div class='ocr_carea' id='block_1_3' title="bbox 626 807 1027 921">
    <p class='ocr_par' dir='ltr' id='par_1_3' title="bbox 626 807 1027 921">
     <span class='ocr_line' id='line_1_4' title="bbox 626 807 1027 921; baseline 0.002 -1"><span class='ocrx_word' id='word_1_16' title='bbox 626 807 1027 921; x_wconf 75' lang='lat' dir='ltr'><strong>rnounlv.</strong></span> 
     </span>
    </p>
   </div>
   <div class='ocr_carea' id='block_1_4' title="bbox 535 1019 1124 1090">
    <p class='ocr_par' dir='ltr' id='par_1_4' title="bbox 535 1019 1124 1090">
     <span class='ocr_line' id='line_1_5' title="bbox 535 1019 1124 1090; baseline 0.008 -15"><span class='ocrx_word' id='word_1_17' title='bbox 535 1019 719 1075; x_wconf 78' lang='lat' dir='ltr'>CAESAR</span> <span class='ocrx_word' id='word_1_18' title='bbox 740 1023 799 1081; x_wconf 77' lang='lat' dir='ltr'><strong>AD</strong></span> <span class='ocrx_word' id='word_1_19' title='bbox 826 1023 1124 1090; x_wconf 64' lang='lat' dir='ltr'><strong>armassem,</strong></span> 
     </span>
    </p>
   </div>
   <div class='ocr_carea' id='block_1_5' title="bbox 329 1137 1301 2626">
    <p class='ocr_par' dir='ltr' id='par_1_5' title="bbox 329 1137 1301 2626">
     <span class='ocr_line' id='line_1_6' title="bbox 350 1137 1094 1268; baseline 0.005 -24"><span class='ocrx_word' id='word_1_20' title='bbox 350 1137 430 1250; x_wconf 81' lang='lat' dir='ltr'><strong>Esr</strong></span> <span class='ocrx_word' id='word_1_21' title='bbox 441 1183 648 1248; x_wconf 90' lang='lat' dir='ltr'><strong>ardelionum</strong></span> <span class='ocrx_word' id='word_1_22' title='bbox 666 1188 827 1266; x_wconf 81' lang='lat' dir='ltr'><strong>quaedam</strong></span> <span class='ocrx_word' id='word_1_23' title='bbox 846 1187 972 1254; x_wconf 80' lang='lat' dir='ltr'><strong>Romae</strong></span> <span class='ocrx_word' id='word_1_24' title='bbox 987 1175 1094 1268; x_wconf 72' lang='lat' dir='ltr'><strong>nitio,</strong></span> 
     </span>
     <span class='ocr_line' id='line_1_7' title="bbox 349 1285 1134 1382; baseline -0.001 -34"><span class='ocrx_word' id='word_1_25' title='bbox 349 1285 491 1370; x_wconf 82' lang='lat' dir='ltr'><strong>Trepide</strong></span> <span class='ocrx_word' id='word_1_26' title='bbox 508 1306 719 1369; x_wconf 87' lang='lat' dir='ltr'><strong>concursans,</strong></span> <span class='ocrx_word' id='word_1_27' title='bbox 737 1296 897 1368; x_wconf 85' lang='lat' dir='ltr'><strong>occupata</strong></span> <span class='ocrx_word' id='word_1_28' title='bbox 913 1286 949 1348; x_wconf 89' lang='lat' dir='ltr'><strong>in</strong></span> <span class='ocrx_word' id='word_1_29' title='bbox 965 1286 1047 1367; x_wconf 85' lang='lat' dir='ltr'><strong>otio,</strong></span> <span class='ocrx_word' id='word_1_30' title='bbox 1068 1298 1078 1306; x_wconf 87' lang='grc'><em>·</em></span> <span class='ocrx_word' id='word_1_31' title='bbox 1132 1364 1134 1382; x_wconf 47' lang='grc' dir='ltr'>Ι</span> 
     </span>
     <span class='ocr_line' id='line_1_8' title="bbox 349 1389 1147 1478; baseline 0.003 -28"><span class='ocrx_word' id='word_1_32' title='bbox 349 1390 456 1452; x_wconf 86' lang='lat' dir='ltr'><strong>Gratis</strong></span> <span class='ocrx_word' id='word_1_33' title='bbox 469 1391 643 1474; x_wconf 81' lang='lat' dir='ltr'><strong>anhelans,</strong></span> <span class='ocrx_word' id='word_1_34' title='bbox 660 1392 764 1454; x_wconf 91' lang='lat' dir='ltr'><strong>multa</strong></span> <span class='ocrx_word' id='word_1_35' title='bbox 781 1392 909 1478; x_wconf 85' lang='lat' dir='ltr'><strong>agendo</strong></span> <span class='ocrx_word' id='word_1_36' title='bbox 926 1389 1011 1452; x_wconf 87' lang='lat' dir='ltr'>nihil</span> <span class='ocrx_word' id='word_1_37' title='bbox 1025 1408 1147 1474; x_wconf 85' lang='lat' dir='ltr'><strong>agens,</strong></span> 
     </span>
     <span class='ocr_line' id='line_1_9' title="bbox 348 1485 951 1578; baseline -0.002 -22"><span class='ocrx_word' id='word_1_38' title='bbox 348 1493 418 1556; x_wconf 83' lang='lat' dir='ltr'><strong>Sibi</strong></span> <span class='ocrx_word' id='word_1_39' title='bbox 432 1495 583 1578; x_wconf 87' lang='lat' dir='ltr'><strong>molesta,</strong></span> <span class='ocrx_word' id='word_1_40' title='bbox 599 1505 631 1558; x_wconf 89' lang='lat' dir='ltr'><strong>et</strong></span> <span class='ocrx_word' id='word_1_41' title='bbox 646 1495 719 1560; x_wconf 89' lang='lat' dir='ltr'><strong>aliis</strong></span> <span class='ocrx_word' id='word_1_42' title='bbox 732 1485 951 1558; x_wconf 80' lang='lat' dir='ltr'><strong>odiosissime:</strong></span> 
     </span>
     <span class='ocr_line' id='line_1_10' title="bbox 349 1601 1301 1687; baseline 0.005 -25"><span class='ocrx_word' id='word_1_43' title='bbox 349 1603 444 1664; x_wconf 88' lang='lat' dir='ltr'><strong>Hanc</strong></span> <span class='ocrx_word' id='word_1_44' title='bbox 457 1603 644 1682; x_wconf 88' lang='lat' dir='ltr'><strong>emendare,</strong></span> <span class='ocrx_word' id='word_1_45' title='bbox 657 1601 686 1664; x_wconf 93' lang='lat' dir='ltr'><strong>si</strong></span> <span class='ocrx_word' id='word_1_46' title='bbox 701 1611 809 1666; x_wconf 89' lang='lat' dir='ltr'><strong>tamen</strong></span> <span class='ocrx_word' id='word_1_47' title='bbox 824 1603 976 1687; x_wconf 83' lang='lat' dir='ltr'><strong>possum,</strong></span> <span class='ocrx_word' id='word_1_48' title='bbox 994 1601 1071 1666; x_wconf 85' lang='lat' dir='ltr'><strong>volo</strong></span> <span class='ocrx_word' id='word_1_49' title='bbox 1281 1606 1301 1673; x_wconf 82' lang='grc'><strong><em>6</em></strong></span> 
     </span>
     <span class='ocr_line' id='line_1_11' title="bbox 350 1706 1137 1791; baseline 0 -19"><span class='ocrx_word' id='word_1_50' title='bbox 350 1709 436 1772; x_wconf 88' lang='lat' dir='ltr'><strong>Vera</strong></span> <span class='ocrx_word' id='word_1_51' title='bbox 450 1706 586 1769; x_wconf 81' lang='lat' dir='ltr'><strong>labella:</strong></span> <span class='ocrx_word' id='word_1_52' title='bbox 604 1706 746 1790; x_wconf 88' lang='lat' dir='ltr'><strong>pretium</strong></span> <span class='ocrx_word' id='word_1_53' title='bbox 762 1719 808 1771; x_wconf 92' lang='lat' dir='ltr'><strong>est</strong></span> <span class='ocrx_word' id='word_1_54' title='bbox 822 1729 942 1791; x_wconf 85' lang='lat' dir='ltr'><strong>operae</strong></span> <span class='ocrx_word' id='word_1_55' title='bbox 960 1711 1137 1772; x_wconf 83' lang='lat' dir='ltr'><strong>attendere.</strong></span> 
     </span>
     <span class='ocr_line' id='line_1_12' title="bbox 390 1792 1110 1895; baseline 0.006 -25"><span class='ocrx_word' id='word_1_56' title='bbox 390 1792 508 1870; x_wconf 78' lang='lat' dir='ltr'><strong>caesar</strong></span> <span class='ocrx_word' id='word_1_57' title='bbox 519 1806 669 1890; x_wconf 51' lang='lat' dir='ltr'><strong>&#39;liberius</strong></span> <span class='ocrx_word' id='word_1_58' title='bbox 683 1827 775 1892; x_wconf 87' lang='lat' dir='ltr'><strong>cum,</strong></span> <span class='ocrx_word' id='word_1_59' title='bbox 794 1823 907 1895; x_wconf 89' lang='lat' dir='ltr'><strong>petens</strong></span> <span class='ocrx_word' id='word_1_60' title='bbox 922 1811 1110 1895; x_wconf 87' lang='lat' dir='ltr'><strong>Neapolim,</strong></span> 
     </span>
     <span class='ocr_line' id='line_1_13' title="bbox 329 1912 1025 1996; baseline 0.003 -22"><span class='ocrx_word' id='word_1_61' title='bbox 329 1917 333 1928; x_wconf 94' lang='lat'><em>&#39;</em></span> <span class='ocrx_word' id='word_1_62' title='bbox 349 1914 388 1974; x_wconf 94' lang='lat' dir='ltr'><strong>In</strong></span> <span class='ocrx_word' id='word_1_63' title='bbox 404 1912 618 1975; x_wconf 84' lang='lat' dir='ltr'><strong>Misenensem</strong></span> <span class='ocrx_word' id='word_1_64' title='bbox 633 1912 745 1974; x_wconf 91' lang='lat' dir='ltr'><strong>villam</strong></span> <span class='ocrx_word' id='word_1_65' title='bbox 764 1914 902 1976; x_wconf 90' lang='lat' dir='ltr'><strong>venisset</strong></span> <span class='ocrx_word' id='word_1_66' title='bbox 917 1935 1025 1996; x_wconf 86' lang='lat' dir='ltr'><strong>suam,</strong></span> 
     </span>
     <span class='ocr_line' id='line_1_14' title="bbox 350 2019 1102 2110; baseline 0.003 -30"><span class='ocrx_word' id='word_1_67' title='bbox 350 2023 563 2110; x_wconf 35' lang='lat' dir='ltr'><strong>Quae&#39;monte</strong></span> <span class='ocrx_word' id='word_1_68' title='bbox 575 2039 705 2082; x_wconf 88' lang='lat' dir='ltr'><strong>summo</strong></span> <span class='ocrx_word' id='word_1_69' title='bbox 718 2019 823 2102; x_wconf 90' lang='lat' dir='ltr'><strong>posita</strong></span> <span class='ocrx_word' id='word_1_70' title='bbox 836 2020 968 2083; x_wconf 87' lang='lat' dir='ltr'><strong>Luculli</strong></span> <span class='ocrx_word' id='word_1_71' title='bbox 985 2041 1102 2101; x_wconf 87' lang='lat' dir='ltr'><strong>manu,</strong></span> 
     </span>
     <span class='ocr_line' id='line_1_15' title="bbox 348 2125 1297 2210; baseline 0 -22"><span class='ocrx_word' id='word_1_72' title='bbox 348 2129 535 2210; x_wconf 76' lang='lat' dir='ltr'><strong>Prospectat</strong></span> <span class='ocrx_word' id='word_1_73' title='bbox 549 2126 696 2190; x_wconf 89' lang='lat' dir='ltr'><strong>Siculum</strong></span> <span class='ocrx_word' id='word_1_74' title='bbox 711 2136 741 2189; x_wconf 87' lang='lat' dir='ltr'><strong>et</strong></span> <span class='ocrx_word' id='word_1_75' title='bbox 757 2125 891 2209; x_wconf 85' lang='lat' dir='ltr'><strong>despicit</strong></span> <span class='ocrx_word' id='word_1_76' title='bbox 909 2129 1052 2190; x_wconf 86' lang='lat' dir='ltr'><strong>Tuscum</strong></span> <span class='ocrx_word' id='word_1_77' title='bbox 1067 2144 1196 2208; x_wconf 51' lang='lat' dir='ltr'><strong>mares</strong></span> <span class='ocrx_word' id='word_1_78' title='bbox 1259 2145 1297 2188; x_wconf 86' lang='lat' dir='ltr'><strong>ro</strong></span> 
     </span>
     <span class='ocr_line' id='line_1_16' title="bbox 349 2228 947 2321; baseline 0.005 -31"><span class='ocrx_word' id='word_1_79' title='bbox 349 2231 396 2291; x_wconf 83' lang='lat' dir='ltr'><strong>Ex</strong></span> <span class='ocrx_word' id='word_1_80' title='bbox 415 2228 588 2293; x_wconf 82' lang='lat' dir='ltr'><strong>alticinctis</strong></span> <span class='ocrx_word' id='word_1_81' title='bbox 604 2249 689 2293; x_wconf 90' lang='lat' dir='ltr'><strong>nnus</strong></span> <span class='ocrx_word' id='word_1_82' title='bbox 706 2228 924 2313; x_wconf 68' lang='lat' dir='ltr'><strong>sitriensibus,</strong></span> <span class='ocrx_word' id='word_1_83' title='bbox 944 2313 947 2321; x_wconf 15' lang='grc' dir='ltr'>ι</span> 
     </span>
     <span class='ocr_line' id='line_1_17' title="bbox 350 2331 1008 2414; baseline 0.003 -20"><span class='ocrx_word' id='word_1_84' title='bbox 350 2333 416 2394; x_wconf 89' lang='lat' dir='ltr'><strong>Cui</strong></span> <span class='ocrx_word' id='word_1_85' title='bbox 425 2332 534 2396; x_wconf 86' lang='lat' dir='ltr'><strong>tunica</strong></span> <span class='ocrx_word' id='word_1_86' title='bbox 552 2333 594 2395; x_wconf 88' lang='lat' dir='ltr'><strong>ab</strong></span> <span class='ocrx_word' id='word_1_87' title='bbox 608 2332 753 2395; x_wconf 91' lang='lat' dir='ltr'><strong>humeris</strong></span> <span class='ocrx_word' id='word_1_88' title='bbox 765 2331 1008 2414; x_wconf 11' lang='lat' dir='ltr'><strong>linteopPelusio</strong></span> 
     </span>
     <span class='ocr_line' id='line_1_18' title="bbox 347 2434 1001 2520; baseline 0.005 -22"><span class='ocrx_word' id='word_1_89' title='bbox 347 2434 425 2498; x_wconf 82' lang='lat' dir='ltr'><strong>Erat</strong></span> <span class='ocrx_word' id='word_1_90' title='bbox 437 2437 604 2517; x_wconf 88' lang='lat' dir='ltr'><strong>destricta,</strong></span> <span class='ocrx_word' id='word_1_91' title='bbox 620 2437 713 2500; x_wconf 79' lang='lat' dir='ltr'><strong>cirris¹</strong></span> <span class='ocrx_word' id='word_1_92' title='bbox 725 2438 1001 2520; x_wconf 86' lang='lat' dir='ltr'><strong>dependentibus,</strong></span> 
     </span>
     <span class='ocr_line' id='line_1_19' title="bbox 347 2540 1011 2626; baseline 0 -22"><span class='ocrx_word' id='word_1_93' title='bbox 347 2540 599 2604; x_wconf 88' lang='lat' dir='ltr'><strong>Perambulante</strong></span> <span class='ocrx_word' id='word_1_94' title='bbox 615 2544 699 2604; x_wconf 89' lang='lat' dir='ltr'><strong>laeta</strong></span> <span class='ocrx_word' id='word_1_95' title='bbox 713 2542 859 2605; x_wconf 88' lang='lat' dir='ltr'><strong>Domino</strong></span> <span class='ocrx_word' id='word_1_96' title='bbox 876 2542 1011 2626; x_wconf 84' lang='lat' dir='ltr'><strong>viridia,</strong></span> 
     </span>
    </p>
   </div>
   <div class='ocr_carea' id='block_1_6' title="bbox 347 2650 1294 2960">
    <p class='ocr_par' dir='ltr' id='par_1_6' title="bbox 347 2650 1294 2960">
     <span class='ocr_line' id='line_1_20' title="bbox 348 2650 1294 2738; baseline 0 -23"><span class='ocrx_word' id='word_1_97' title='bbox 348 2653 484 2716; x_wconf 82' lang='lat' dir='ltr'><strong>Alveolo</strong></span> <span class='ocrx_word' id='word_1_98' title='bbox 499 2650 605 2733; x_wconf 88' lang='lat' dir='ltr'><strong>coepit</strong></span> <span class='ocrx_word' id='word_1_99' title='bbox 623 2650 735 2736; x_wconf 85' lang='lat' dir='ltr'><strong>ligneo</strong></span> <span class='ocrx_word' id='word_1_100' title='bbox 751 2671 964 2738; x_wconf 87' lang='lat' dir='ltr'><strong>conspergere</strong></span> <span class='ocrx_word' id='word_1_101' title='bbox 1257 2653 1294 2715; x_wconf 81' lang='lat'><strong>1⁵</strong></span> 
     </span>
     <span class='ocr_line' id='line_1_21' title="bbox 347 2756 1180 2842; baseline 0.005 -24"><span class='ocrx_word' id='word_1_102' title='bbox 347 2759 495 2822; x_wconf 89' lang='lat' dir='ltr'><strong>Humum</strong></span> <span class='ocrx_word' id='word_1_103' title='bbox 509 2766 724 2842; x_wconf 74' lang='lat' dir='ltr'><strong>aestuantem,</strong></span> <span class='ocrx_word' id='word_1_104' title='bbox 745 2778 838 2820; x_wconf 90' lang='lat' dir='ltr'><strong>come</strong></span> <span class='ocrx_word' id='word_1_105' title='bbox 855 2756 999 2826; x_wconf 87' lang='lat' dir='ltr'><strong>officium</strong></span> <span class='ocrx_word' id='word_1_106' title='bbox 1014 2757 1180 2824; x_wconf 83' lang='lat' dir='ltr'><strong>iactitans:</strong></span> 
     </span>
     <span class='ocr_line' id='line_1_22' title="bbox 347 2863 946 2960; baseline 0.003 -32"><span class='ocrx_word' id='word_1_107' title='bbox 347 2863 410 2928; x_wconf 82' lang='lat' dir='ltr'><strong>sed</strong></span> <span class='ocrx_word' id='word_1_108' title='bbox 425 2866 602 2960; x_wconf 77' lang='lat' dir='ltr'><strong>deridetur.</strong></span> <span class='ocrx_word' id='word_1_109' title='bbox 615 2867 695 2927; x_wconf 90' lang='lat' dir='ltr'><strong>Inde</strong></span> <span class='ocrx_word' id='word_1_110' title='bbox 710 2866 794 2930; x_wconf 88' lang='lat' dir='ltr'><strong>nolis</strong></span> <span class='ocrx_word' id='word_1_111' title='bbox 809 2867 946 2930; x_wconf 83' lang='lat' dir='ltr'><strong>flexibus</strong></span> 
     </span>
    </p>
   </div>
   <div class='ocr_carea' id='block_1_7' title="bbox 237 2969 1187 3064">
    <p class='ocr_par' dir='ltr' id='par_1_7' title="bbox 237 2969 1187 3064">
     <span class='ocr_line' id='line_1_23' title="bbox 237 2969 1187 3064; baseline 0 -30"><span class='ocrx_word' id='word_1_112' title='bbox 237 3045 244 3064; x_wconf 41' lang='grc' dir='ltr'>Ι</span> <span class='ocrx_word' id='word_1_113' title='bbox 272 2999 276 3008; x_wconf 89' lang='grc'><strong><em>·</em></strong></span> <span class='ocrx_word' id='word_1_114' title='bbox 347 2969 532 3035; x_wconf 88' lang='lat' dir='ltr'><strong>Praecurrit</strong></span> <span class='ocrx_word' id='word_1_115' title='bbox 544 2969 646 3032; x_wconf 88' lang='lat' dir='ltr'><strong>alium</strong></span> <span class='ocrx_word' id='word_1_116' title='bbox 664 2969 700 3032; x_wconf 92' lang='lat' dir='ltr'><strong>in</strong></span> <span class='ocrx_word' id='word_1_117' title='bbox 713 2980 862 3052; x_wconf 83' lang='lat' dir='ltr'><strong>xystum,</strong></span> <span class='ocrx_word' id='word_1_118' title='bbox 878 2973 993 3035; x_wconf 85' lang='lat' dir='ltr'><strong>sedans</strong></span> <span class='ocrx_word' id='word_1_119' title='bbox 1006 2972 1187 3054; x_wconf 84' lang='lat' dir='ltr'><strong>pulverem.</strong></span> 
     </span>
    </p>
   </div>
   <div class='ocr_carea' id='block_1_8' title="bbox 308 3075 1297 3789">
    <p class='ocr_par' dir='ltr' id='par_1_8' title="bbox 347 3075 1169 3164">
     <span class='ocr_line' id='line_1_24' title="bbox 347 3075 1169 3164; baseline 0 -24"><span class='ocrx_word' id='word_1_120' title='bbox 347 3077 503 3162; x_wconf 79' lang='lat' dir='ltr'><strong>Agnoscit</strong></span> <span class='ocrx_word' id='word_1_121' title='bbox 516 3075 685 3141; x_wconf 89' lang='lat' dir='ltr'><strong>hominem</strong></span> <span class='ocrx_word' id='word_1_122' title='bbox 703 3079 837 3160; x_wconf 86' lang='lat' dir='ltr'><strong>Caesar,</strong></span> <span class='ocrx_word' id='word_1_123' title='bbox 854 3099 988 3159; x_wconf 87' lang='lat' dir='ltr'><strong>remque</strong></span> <span class='ocrx_word' id='word_1_124' title='bbox 1005 3076 1169 3164; x_wconf 85' lang='lat' dir='ltr'><strong>intelligit.</strong></span> 
     </span>
    </p>

    <p class='ocr_par' dir='ltr' id='par_1_9' title="bbox 308 3181 1297 3481">
     <span class='ocr_line' id='line_1_25' title="bbox 347 3181 1297 3265; baseline 0.004 -23"><span class='ocrx_word' id='word_1_125' title='bbox 347 3181 385 3242; x_wconf 93' lang='lat' dir='ltr'><strong>Id</strong></span> <span class='ocrx_word' id='word_1_126' title='bbox 400 3191 433 3242; x_wconf 92' lang='lat' dir='ltr'><strong>ut</strong></span> <span class='ocrx_word' id='word_1_127' title='bbox 448 3181 575 3263; x_wconf 87' lang='lat' dir='ltr'><strong>putavit</strong></span> <span class='ocrx_word' id='word_1_128' title='bbox 590 3183 778 3248; x_wconf 89' lang='lat' dir='ltr'><strong>essenescio</strong></span> <span class='ocrx_word' id='word_1_129' title='bbox 792 3183 983 3265; x_wconf 89' lang='lat' dir='ltr'><strong>quidboni:</strong></span> <span class='ocrx_word' id='word_1_130' title='bbox 1254 3200 1297 3246; x_wconf 79' lang='lat' dir='ltr'><strong>ao</strong></span> 
     </span>
     <span class='ocr_line' id='line_1_26' title="bbox 308 3285 1154 3378; baseline 0.001 -29"><span class='ocrx_word' id='word_1_131' title='bbox 308 3345 311 3349; x_wconf 87' lang='lat'>.</span> <span class='ocrx_word' id='word_1_132' title='bbox 347 3291 452 3349; x_wconf 90' lang='lat' dir='ltr'><strong>Heus!</strong></span> <span class='ocrx_word' id='word_1_133' title='bbox 468 3289 574 3369; x_wconf 89' lang='lat' dir='ltr'><strong>inquit</strong></span> <span class='ocrx_word' id='word_1_134' title='bbox 585 3285 754 3354; x_wconf 87' lang='lat' dir='ltr'><strong>Dominus.</strong></span> <span class='ocrx_word' id='word_1_135' title='bbox 767 3293 827 3360; x_wconf 76' lang='lat' dir='ltr'><strong>lile</strong></span> <span class='ocrx_word' id='word_1_136' title='bbox 843 3290 1013 3354; x_wconf 84' lang='lat' dir='ltr'><strong>enimvero</strong></span> <span class='ocrx_word' id='word_1_137' title='bbox 1029 3288 1154 3378; x_wconf 81' lang='lat' dir='ltr'><strong>adsilit„</strong></span> 
     </span>
     <span class='ocr_line' id='line_1_27' title="bbox 346 3392 931 3481; baseline 0.003 -27"><span class='ocrx_word' id='word_1_138' title='bbox 346 3392 540 3454; x_wconf 87' lang='lat' dir='ltr'><strong>Donationis</strong></span> <span class='ocrx_word' id='word_1_139' title='bbox 553 3395 660 3456; x_wconf 89' lang='lat' dir='ltr'><strong>alacer</strong></span> <span class='ocrx_word' id='word_1_140' title='bbox 675 3405 782 3457; x_wconf 89' lang='lat' dir='ltr'><strong>certae</strong></span> <span class='ocrx_word' id='word_1_141' title='bbox 799 3394 931 3481; x_wconf 85' lang='lat' dir='ltr'><strong>gaudio.</strong></span> 
     </span>
    </p>

    <p class='ocr_par' dir='ltr' id='par_1_10' title="bbox 346 3495 1063 3578">
     <span class='ocr_line' id='line_1_28' title="bbox 346 3495 1063 3578; baseline -0.001 -20"><span class='ocrx_word' id='word_1_142' title='bbox 346 3499 430 3558; x_wconf 89' lang='lat' dir='ltr'><strong>Tum</strong></span> <span class='ocrx_word' id='word_1_143' title='bbox 443 3495 490 3558; x_wconf 91' lang='lat' dir='ltr'><strong>sic</strong></span> <span class='ocrx_word' id='word_1_144' title='bbox 502 3496 607 3560; x_wconf 86' lang='lat' dir='ltr'><strong>iocata</strong></span> <span class='ocrx_word' id='word_1_145' title='bbox 625 3507 671 3560; x_wconf 87' lang='lat' dir='ltr'><strong>est</strong></span> <span class='ocrx_word' id='word_1_146' title='bbox 690 3498 770 3560; x_wconf 89' lang='lat' dir='ltr'><strong>tanti</strong></span> <span class='ocrx_word' id='word_1_147' title='bbox 785 3498 932 3561; x_wconf 87' lang='lat' dir='ltr'><strong>maiestas</strong></span> <span class='ocrx_word' id='word_1_148' title='bbox 945 3495 1063 3578; x_wconf 88' lang='lat' dir='ltr'><strong>Ducis:</strong></span> 
     </span>
    </p>

    <p class='ocr_par' dir='ltr' id='par_1_11' title="bbox 345 3589 1293 3789">
     <span class='ocr_line' id='line_1_29' title="bbox 345 3589 1199 3686; baseline -0.002 -25"><span class='ocrx_word' id='word_1_149' title='bbox 345 3599 419 3661; x_wconf 89' lang='lat' dir='ltr'><strong>Non</strong></span> <span class='ocrx_word' id='word_1_150' title='bbox 433 3597 573 3660; x_wconf 90' lang='lat' dir='ltr'><strong>multum</strong></span> <span class='ocrx_word' id='word_1_151' title='bbox 589 3598 697 3684; x_wconf 85' lang='lat' dir='ltr'><strong>egisti,</strong></span> <span class='ocrx_word' id='word_1_152' title='bbox 710 3609 740 3662; x_wconf 90' lang='lat' dir='ltr'><strong>et</strong></span> <span class='ocrx_word' id='word_1_153' title='bbox 754 3619 854 3682; x_wconf 87' lang='lat' dir='ltr'><strong>opera</strong></span> <span class='ocrx_word' id='word_1_154' title='bbox 866 3598 1089 3680; x_wconf 88' lang='lat' dir='ltr'><strong>nequidquam</strong></span> <span class='ocrx_word' id='word_1_155' title='bbox 1096 3589 1199 3686; x_wconf 76' lang='lat' dir='ltr'><strong>perit3</strong></span> 
     </span>
     <span class='ocr_line' id='line_1_30' title="bbox 345 3683 1293 3789; baseline 0 -25"><span class='ocrx_word' id='word_1_156' title='bbox 345 3700 451 3766; x_wconf 87' lang='lat' dir='ltr'><strong>Multo</strong></span> <span class='ocrx_word' id='word_1_157' title='bbox 463 3699 596 3767; x_wconf 90' lang='lat' dir='ltr'><strong>maioris</strong></span> <span class='ocrx_word' id='word_1_158' title='bbox 606 3702 721 3789; x_wconf 86' lang='lat' dir='ltr'><strong>alapae</strong></span> <span class='ocrx_word' id='word_1_159' title='bbox 733 3723 862 3768; x_wconf 89' lang='lat' dir='ltr'><strong>mecum</strong></span> <span class='ocrx_word' id='word_1_160' title='bbox 876 3711 1036 3766; x_wconf 63' lang='lat' dir='ltr'><strong>veneunt:</strong></span> <span class='ocrx_word' id='word_1_161' title='bbox 1068 3683 1076 3697; x_wconf 55' lang='grc'><strong>”</strong></span> <span class='ocrx_word' id='word_1_162' title='bbox 1256 3697 1293 3764; x_wconf 76' lang='lat'><strong>2⁵</strong></span> 
     </span>
    </p>
   </div>
   <div class='ocr_carea' id='block_1_9' title="bbox 0 0 1462 4790">
    <p class='ocr_par' dir='ltr' id='par_1_12' title="bbox 0 0 1462 4790">
     <span class='ocr_line' id='line_1_31' title="bbox 0 0 1462 4790; baseline 0 1"><span class='ocrx_word' id='word_1_163' title='bbox 0 0 1462 4790; x_wconf 95' lang='lat' dir='ltr'><strong> </strong></span> 
     </span>
    </p>
   </div>
  </div>
 </body>
</html>
