2848 4792
243 585 592 800 stavit
629 601 978 822 aviam

389 919 824 1058 FABULAE.
899 901 901 908 ‘
975 845 987 922 ⁵

494 1155 729 1177 -ῌ

419 1299 799 1378 nasutas

373 1415 577 1513 nus'nca
606 1433 662 1512 ns
688 1458 845 1514 sunus.

124 1575 296 1689 Rusnct
309 1617 440 1681 deflenti
452 1635 555 1703 parvo
572 1615 737 1682 iuraverat
750 1616 850 1697 olim,

132 1711 133 1714 ¹
172 1726 213 1788 Ni
226 1736 343 1804 taceat,
357 1725 472 1788 rabido
483 1725 572 1802 quod
581 1721 663 1785 foret
675 1745 746 1788 esca
756 1725 847 1805 lupo.

129 1833 293 1892 Credulus
306 1832 391 1891 hanc
400 1848 514 1890 vocem
525 1830 637 1908 Lupus
647 1827 766 1908 audiit,
780 1839 811 1890 et
822 1836 931 1890 manet
941 1826 1028 1912 ipsas

174 1935 317 2022 Pervigil
330 1944 405 1997 ante
419 1935 520 2014 fores,
536 1933 628 1996 irrita
637 1943 713 1996 vota
726 1953 856 2020 gerens=

130 2041 216 2100 Nam
227 2040 342 2102 lassata
352 2059 435 2119 puer
445 2037 566 2100 nimiae
581 2040 636 2100 dat
650 2041 797 2102 membra
810 2037 928 2122 quieti,
1059 2038 1077 2104 i

86 2199 90 2208 ,
108 2122 117 2156 '
173 2143 413 2222 Spemquoque
423 2143 545 2224 raptori
556 2141 683 2206 sustulit
693 2143 771 2205 inde
787 2143 899 2205 fames.

131 2245 232 2336 Hunc
243 2248 301 2307 ubi
311 2247 467 2308 silvarum
482 2257 681 2328 repetentem
694 2249 794 2309 lustra
806 2266 939 2309 suarum

172 2349 324 2412 Ieiunum
337 2350 456 2414 coniux
466 2350 565 2413 sensit
575 2355 684 2413 adesse
695 2353 791 2433 lupa:

65 2445 74 2460 ’
132 2458 214 2535 Cur,
224 2457 346 2540 inquit,
357 2459 481 2520 nullam
492 2459 591 2520 refers
607 2460 648 2518 de
661 2479 752 2520 more
765 2458 932 2544 rapinam,

174 2565 343 2650 Languida
358 2562 533 2626 consumtis
550 2565 606 2624 sed
624 2560 723 2624 trahis
740 2581 797 2624 ora
808 2562 926 2646 genis?
1041 2585 1078 2626 ιο

130 2673 181 2733 Ne
193 2669 333 2752 mireris,
349 2671 411 2750 ait,
426 2673 596 2751 deceptum
610 2669 725 2730 fraude
740 2667 884 2753 maligna
983 2656 984 2661 ἵ

172 2777 238 2842 Vix
249 2777 403 2840 miserum
418 2797 519 2840 vanua
533 2777 697 2840 delituisse
709 2777 796 2862 fuga.

130 2887 217 2948 Nam
232 2905 316 2963 quae
325 2886 462 2966 praeda,
471 2904 569 2970 rogo,
579 2905 663 2964 quae
676 2905 748 2966 spes
759 2883 946 2970 contingere
956 2893 1078 2968 posset,

58 3011 61 3018 ’
88 3039 92 3048 ,
172 2987 284 3072 Iurgia
297 2987 432 3052 nutricis
446 3009 519 3050 cum
532 2988 614 3054 mihi
625 2990 724 3050 verba
734 2989 871 3052 darent?

130 3093 296 3159 Haeesibi
309 3093 394 3155 dieta
406 3104 511 3175 putet,
522 3115 621 3174 seque
632 3097 694 3157 hae
704 3095 782 3157 sciat
792 3105 860 3156 arte
870 3094 993 3178 notari,
1041 3097 1076 3166 15

120 3235 124 3244 «
174 3201 362 3264 Femineam
377 3201 523 3284 quisquis
536 3200 673 3264 credidit
688 3221 756 3264 esse
772 3199 881 3264 fidem.

400 3387 428 3460 F
452 3389 484 3460 A
508 3391 534 3462 B
561 3389 592 3459 U
617 3389 647 3460 L
674 3389 703 3458 A
752 3386 806 3459 ΙΙ.

349 3543 529 3626 sauna
555 3555 610 3605 ET
636 3553 866 3606 massono.

138 3667 315 3779 pensans
327 3711 441 3774 avibus
453 3713 618 3790 quondam
629 3715 770 3776 Testudo
785 3706 894 3772 loe'uta
910 3717 975 3777 est:

174 3810 209 3875 Si
219 3811 291 3892 quis
309 3832 381 3877 eam
396 3815 562 3876 volucrem
578 3813 792 3878 constituisset
802 3809 912 3891 humi,
