2750 4782
145 467 148 476 ’
234 471 632 576 nrsr1crr9rur1
660 474 754 538 ur.
774 451 871 556 ι,.’
935 478 993 537 20³

454 627 582 689 XXXII.

25 733 199 816 Ignotum
213 733 272 796 tibi
288 743 324 796 tu
337 733 407 798 noli
419 754 622 817 praeponere
632 735 734 798 notis:
808 779 811 792 ·

25 835 183 920 Cognita
196 835 318 909 iudIcio
327 848 490 917 constant,
499 829 668 922 incognite
679 857 767 902 casu.

444 953 594 1018 XXXIIL

25 1069 123 1128 Cum
134 1067 238 1128 dubia
252 1065 288 1129 in
299 1065 393 1130 certis
400 1062 625 1158 verteturvita
639 1063 788 1146 periclis,

24 1175 103 1236 Pro
113 1175 212 1248 luero
223 1153 381 1258 tibi'pone
392 1173 495 1256 diem,
505 1193 702 1256 quocunque
714 1173 851 1239 laborat·

448 1291 593 1355 XXXIV.

24 1398 186 1464 Vincere
201 1423 276 1464 cum
290 1387 407 1484 possis,
421 1401 589 1465 interdum
602 1403 681 1493 cede
691 1372 835 1480 sodali}-

25 1506 213 1586 Obsequio
224 1509 380 1588 quoniam
392 1508 505 1569 dulces
516 1506 698 1570 retinentur
709 1502 819 1566 amici.

453 1625 585 1686 XXXV.

24 1733 87 1792 Ne
97 1730 242 1810 dubites,
253 1751 328 1792 cum
342 1749 462 1816 magna
477 1731 576 1812 petis,
587 1731 779 1812 impendere
791 1739 911 1812 perra}

29 1833 104 1900 His
117 1834 239 1898 etenim
252 1839 349 1900 rebus
362 1834 534 1919 coniungit
544 1832 657 1898 Gratia
670 1851 772 1896 caros·
857 1858 860 1864 ·

446 1947 591 2028 XXXVI.

33 2062 157 2130 Litem
166 2061 288 2125 inferre
298 2081 392 2144 eave,
401 2081 477 2124 cum
486 2077 553 2142 quo
564 2057 624 2122 tibi
636 2055 742 2143 gratia
753 2055 865 2120 iuncta
878 2061 941 2122 este

35 2169 100 2231 Ira
110 2165 224 2230 odium
235 2173 386 2250 generet,
397 2162 572 2226 concordia
587 2161 690 2224 nutrit
702 2161 860 2225 amorem.

442 2281 604 2346 XXXVII.

38 2397 221 2458 Servorum
234 2394 331 2475 culpa
346 2413 421 2457 eum
438 2401 471 2454 te
479 2393 576 2454 dolor
588 2399 685 2476 urget
694 2389 730 2486 ire
741 2389 841 2470 iram,

23 2509 26 2519 '
39 2501 123 2580 Ipse
135 2497 194 2560 tibi
209 2499 396 2580 moderare,
408 2497 471 2560 tuis
482 2509 518 2558 ut
531 2517 665 2578 parcere
678 2495 791 2578 possis.

368 2629 370 2636 ‘
431 2616 607 2680 xxxvffl.

43 2735 156 2815 Quem
168 2725 323 2810 superare
335 2735 445 2808 potes,
456 2723 622 2788 interdum
633 2721 730 2785 vince
743 2721 894 2784 ferendo:
954 2775 964 2790 ,

42 2833 192 2898 Maxima
205 2831 293 2895 enim
308 2847 438 2892 morum
455 2849 585 2912 semper
597 2827 754 2912 patientia
763 2826 876 2890 virtus.

448 2945 591 3008 XXXIX.

46 3067 212 3124 conserva
224 3059 348 3142 potius,
357 3077 441 3139 quae
450 3069 527 3120 sunt
540 3058 606 3120 iam
620 3065 716 3140 parta
732 3057 863 3120 labore:

47 3169 134 3228 Cum
147 3163 238 3226 labor
248 3161 285 3226 in
296 3167 418 3226 damno
430 3172 490 3243 est,
501 3160 619 3240 crescit¹
630 3162 778 3226 mortalis
793 3167 927 3246 egesta&

486 3281 553 3342 XL.
621 3327 631 3336 .

49 3388 189 3472 Dapsilis
201 3390 366 3457 interdum
380 3388 481 3471 notis,
495 3399 528 3452 et
542 3408 634 3452 carus
650 3387 778 3470 amicir,
896 3479 900 3486 Ι

52 3501 138 3559 Cum
149 3493 246 3559 fueris
261 3496 353 3580 felix,
364 3516 493 3582 semper
507 3494 565 3559 tibi
581 3495 751 3578 proximus
766 3497 845 3558 esto.
