2910 4786
284 330 387 394 'xri‘
502 343 504 348 ¹
595 303 948 384 PHAEDRr

266 567 269 570 Ι
343 476 522 550 Phaedrus
540 474 648 572 igitur
668 491 830 566 tempore
850 467 997 544 Caesaris
1014 472 1153 544 Octavii
1170 471 1244 547 Au·

295 590 408 687 gusti,
430 587 529 660 cuius
540 583 710 655 memoria
725 601 759 652 et
776 582 973 653 recordatio
987 585 1017 656 ei
1032 603 1104 656 erat
1118 587 1242 656 iucun-

296 694 455 781 dissima,
478 693 567 762 vixit
580 743 590 777 ,
604 691 782 782 rebusque
797 691 958 762 secundis
975 717 1055 763 usus
1070 710 1130 766 est.
1158 695 1245 766 Post

294 805 444 902 Augusti
458 803 599 874 obitum
612 799 783 886 ,Tiberio
794 800 983 892 imperium
995 800 1242 874 administran-
1296 802 1318 831 ¹

294 927 351 996 te,
379 911 416 980 in
430 931 592 1005 maguam
610 905 733 976 incidit
746 905 1002 995 calamitatem,
1027 909 1113 980 odio
1128 912 1252 981 maxi-·
1340 949 1346 962 ·

294 1043 353 1090 me
367 1017 504 1103 Seiani,
527 1017 589 1110 qui
613 1041 678 1110 pro
700 1011 849 1086 arbitrio'
865 1034 993 1088 cuncta
1014 1017 1155 1116 gerebat
1174 1021 1241 1090 sub

186 1143 189 1156 '
294 1129 464 1216 Tiberio,
489 1147 525 1203 et
546 1123 727 1212 nostium,
752 1126 839 1200 fictis
864 1145 1063 1199 accusatum
1086 1119 1244 1199 irimiui·

217 1290 221 1292 -
296 1239 389 1324 bus,
417 1240 653 1315 damnaverat.
679 1233 922 1330 Conqueritur
948 1240 1047 1320 euim
1066 1235 1157 1315 i'rob
1179 1239 1243 1310 rib.

295 1336 356 1408 111.
373 1363 403 1404 v.
415 1361 487 1426 40·
501 1359 558 1428 43.

343 1442 469 1558 Quodsi
487 1459 654 1514 accusator
674 1443 757 1512 alius
775 1443 892 1517 Seiano
904 1440 1019 1542 foret.

343 1559 381 1625 Si
402 1557 493 1626 usus
509 1554 612 1626 alius.
627 1551 724 1622 iudex
745 1554 829 1637 alius
851 1552 1002 1652 denique:

344 1660 491 1753 Dignum
501 1659 633 1758 faterer
650 1679 714 1731 esse
727 1685 775 1732 me
796 1664 896 1733 tantis
914 1662 1020 1734 maiis.

343 1767 421 1875 Qui
434 1769 566 1840 factum
582 1769 624 1840 sit
635 1819 645 1856 ,
658 1787 698 1840 ut
711 1768 749 1842 iu
764 1770 888 1845 odium
902 1768 1017 1842 Seiani
1031 1771 1244 1858 incurreret,

295 1889 361 1968 pro
382 1894 478 1948 certo
491 1873 664 1948 adfirmari
683 1900 758 1947 uon
773 1896 898 1969 potest.
924 1877 1244 1950 coniicitscheffe·

294 2009 375 2072 rus5
399 1983 621 2072 Phaedrum,
640 1986 685 2056 ab
696 1984 857 2084 Augusto
869 1987 1032 2060 libertate
1044 1987 1243 2088 donatum,

295 2096 413 2191 primo
427 2097 627 2194 Augustum
641 2093 661 2185 ,'
678 2112 713 2168 et
728 2119 814 2168 mox
833 2121 876 2168 eo
896 2096 1068 2168 defuncto
1083 2113 1242 2192 posteros

295 2196 388 2274 illius
408 2225 536 2272 amasse
557 2223 593 2274 et
613 2203 779 2283 coluisses
792 2206 798 2242 ⁴
810 2229 902 2298 quos
921 2210 1013 2276 inter
1035 2229 1118 2276 cum
1137 2204 1244 2274 exsti·
1325 2257 1328 2261 -

295 2311 377 2386 terit
389 2314 546 2405 primurn
559 2313 744 2412 Agrippa„
756 2308 1149 2400 deindeGermanicus‚
1167 2337 1244 2386 non

295 2423 450 2514 potuisse
463 2423 762 2496 deesemtionem
774 2422 902 2496 Seiano
912 2425 1123 2498 criminandi
1135 2426 1246 2494 Phae·
1365 2437 1373 2446 ’

296 2529 403 2612 drum
425 2532 524 2626 apud
547 2534 769 2626 invidentem
786 2551 895 2626 atque
916 2535 1128 2625 suspicacem
1146 2533 1246 2624 prin·

296 2641 411 2734 cipem
436 2641 635 2712 Tiberium.
663 2638 735 2712 Sed
764 2641 849 2712 haec
875 2665 951 2712 non
975 2663 1140 2736 magnam
1170 2639 1244 2712 veri
1275 2705 1285 2739 ι

296 2748 449 2841 speciem
472 2747 603 2818 habere
629 2765 664 2816 et
688 2750 794 2842 louge
818 2748 928 2836 petita
952 2745 1041 2816 mihi
1065 2743 1243 2818 videntur.

296 2855 414 2924 lmmo
437 2874 525 2932 vero,
538 2851 716 2922 Phaedrus
732 2866 916 2922 auctorem
939 2849 1144 2922 calamitatis
1159 2872 1243 2926 suae

257 2967 270 3008 ²
295 2985 331 3034 se
350 2961 423 3056 ipse
437 2957 615 3050 fatetur,¹
634 2959 802 3030 scribens:
888 2961 891 2969 '

585 3067 732 3142 Seruitus
749 3067 884 3148 obnoxiu

345 3172 452 3290 ¹Quia.
471 3199 552 3271 quae
567 3176 707 3249 uolebat.
721 3181 783 3245 uon
799 3175 936 3248 audebat
957 3177 1080 3254 dicere,

346 3287 491 3384 Affectsu
506 3281 649 3385 proprios
669 3289 701 3356 in
709 3285 856 3386 fabellas
879 3289 1064 3366 transtulit.

313 3467 317 3474 ,
351 3388 613 3492 Calumniamque
629 3399 720 3492 fictis
742 3397 837 3468 elusit
860 3400 947 3469 iocis.
986 3481 989 3488 ι

347 3505 416 3600 Ego
435 3509 524 3579 iilius
542 3507 816 3606 prolsemituseci
834 3511 943 3584 vium.

263 3663 266 3680 ι
347 3619 393 3690 Et
411 3623 549 3714 cogitaui
558 3621 675 3720 plura,
695 3645 791 3718 quum
813 3619 1011 3718 reliquerat.

335 3765 347 3803 ι
360 3747 427 3804 Ptol.
434 3748 532 3804 nuru.
541 3764 603 3818 34.·
612 3763 655 3814 4ο.
