2848 4792
429 265 442 302 ,ι
552 245 560 280 ἱ

239 441 905 511 ranunnnunnnsorrrnuu.
1011 431 1071 509 a(
1200 475 1203 484 ,

334 674 640 748 FAnULA
689 675 816 748 XXl.

399 851 519 904 OVES
547 850 604 902 ET
630 849 757 904 LUPI.

106 959 226 1073 Oves
238 1001 388 1086 Lupique
403 1023 478 1065 eum
492 1007 665 1064 certassent
675 1000 817 1088 proelio,

102 1113 186 1173 Illae
196 1109 360 1191 vicerunt,
375 1118 462 1172 tutae
473 1108 635 1206 praesidio
647 1130 776 1200 canum.

105 1212 193 1294 Lupi
205 1214 327 1299 legatos
337 1212 483 1290 mittunt,
497 1221 529 1273 et
542 1208 659 1272 iustam
670 1219 786 1292 petunt

105 1303 177 1375 Ha‘c
189 1313 261 1396 lege
270 1331 402 1392 pacem,
419 1321 454 1373 ut
469 1311 624 1372 dederent
640 1309 726 1372 Oves
742 1330 852 1393 canes,

106 1419 146 1478 Et
162 1415 290 1480 obsides
306 1417 475 1498 Luporum
493 1418 616 1478 catulos
631 1415 823 1498 reciperent.
1039 1421 1057 1486 5

107 1525 212 1605 Oves,
222 1532 387 1586 aeternam
399 1525 446 1587 sie
462 1533 628 1606 sperantes
644 1525 784 1611 gratiam

106 1625 206 1708 Iniri,
223 1625 365 1708 faciunt,
377 1627 467 1706 quod
478 1636 699 1708 poposcerunt
713 1624 808 1707 Lupi.
828 1655 830 1658 ·

27 1757 32 1768 ·
107 1733 183 1794 Post
193 1731 293 1812 paulo
311 1751 386 1792 eum
400 1729 581 1811 coepissent
598 1723 726 1792 ululare
743 1727 859 1811 catuli,

109 1836 213 1917 Lupi,
231 1835 342 1897 necari
361 1843 527 1896 causantes
543 1843 636 1897 natos
651 1853 743 1914 suos,

110 1946 293 2020 Pacemque
305 1937 437 2020 ruptam
451 1942 493 2001 ab
507 1939 648 2019 Ovibus,
663 1937 809 2018 undique
819 1939 943 2024 impetu
1025 1965 1062 2008 ro
1108 1977 1110 1982 ·

111 2047 280 2108 Invadunt
293 2045 378 2106 laeto
388 2045 494 2108 nudas
508 2042 734 2106 defensoribus
746 2066 754 2106 ι

111 2149 225 2214 Fidem
239 2165 322 2226 quae
336 2147 452 2209 stultae
463 2147 553 2226 quod
567 2147 752 2208 habuerant
764 2146 925 2232 hostibus,

112 2253 295 2318 Consilium
307 2274 379 2318 sera
389 2256 546 2316 damnant
558 2250 770 2335 poenitentia.

151 2359 368 2441 Praesidium,
387 2379 454 2440 quo
468 2358 540 2439 quis
558 2357 640 2420 olim
658 2368 743 2422 tutus
761 2359 903 2454 vixerat,

112 2467 275 2551 Siprodat
286 2467 374 2551 aliis,
388 2469 508 2530 frustra
522 2475 596 2550 post
608 2467 778 2534 desiderat.
907 2494 922 2540 a
1023 2471 1061 2532 15

333 2656 640 2731 FABULA
691 2659 840 2732 XXII.
925 2731 933 2740 .

278 2811 282 2820 '
353 2829 819 2888 srnrusnrvunrrs.

113 2943 292 3055 Rosam
304 2981 447 3062 Vulpem
456 2977 596 3060 Simius,
613 2982 737 3043 caudae
746 2999 823 3045 suae

112 3089 162 3148 De
175 3079 403 3169 magnitudine
416 3079 540 3160 aliquid
555 3089 591 3142 ut
608 3079 671 3144 sibi
687 3082 797 3163 daret,

113 3193 210 3254 Nares
224 3189 333 3250 velare
348 3204 414 3266 quo
427 3194 534 3267 posset
546 3183 757 3268 turpissimas.

115 3293 205 3378 Quid
215 3293 318 3373 enim,
334 3291 459 3372 inquit,
474 3291 578 3354 cauda
594 3299 700 3353 tantae
714 3287 929 3376 longitudinis

117 3401 271 3462 Prodest?
283 3419 349 3479 quo
360 3410 487 3462 tantum
497 3402 627 3484 pondus
636 3420 696 3481 per
709 3408 829 3466 terram
842 3401 962 3465 trahis?
1027 3394 1059 3470 ’5

119 3501 179 3563 Cui
193 3500 325 3583 Vulpis:
340 3504 427 3566 Fsset
441 3503 592 3584 quamvis
605 3503 665 3566 illa
677 3501 827 3589 longior,

118 3605 288 3686 Maiorque
307 3600 426 3687 multo,
436 3611 573 3688 ,mallem
583 3631 643 3691 per
657 3618 775 3680 terram
791 3619 823 3671 et
836 3609 957 3693 lutum,

118 3712 299 3796 spinasque
316 3715 458 3794 trahere,
475 3735 575 3793 quam
590 3727 716 3797 partem
730 3713 789 3778 ribi
799 3717 894 3797 dare,

118 3821 196 3884 Meo
209 3835 251 3876 ne
268 3814 410 3903 tegmine
424 3814 564 3880 videaris
579 3816 757 3902 pulchrior.

167 3913 300 3970 Phaedrus.
725 3915 744 3968 6
