2848 4792
479 438 803 534 FABULAE
1012 470 1110 532 ,mi

103 631 114 638 ·
154 619 201 680 Et
221 594 391 700 postqutirri
404 611 497 676 dictis
511 613 640 676 animos
653 611 808 674 disiunxit
823 610 963 694 acerbis,

199 719 321 782 Invasit
335 719 487 786 miserum
502 705 702 802 diripuitque
714 739 858 804 gregem.

156 823 258 889 Tunc
271 822 403 902 quidam
418 843 458 884 ex
470 821 555 884 illis:
571 823 681 888 Vitam
695 843 824 886 servare
834 823 983 904 quietam
1075 826 1109 903 ¹5

205 927 271 1011 Qui
285 928 391 1009 cupit,
406 947 446 988 ex
458 925 568 989 nostia
583 927 707 1018 discere
724 937 829 1020 morte
844 937 961 1010 potest.

90 1081 93 1086 .
158 1024 268 1094 Nemo
285 1034 348 1096 cito
365 1035 511 1095 admotas
523 1032 632 1093 verbis
646 1032 818 1096 fallacibus
833 1053 928 1096 aures

203 1140 356 1223 impleat,
369 1149 426 1201 aut
441 1149 583 1213 veterem
598 1139 724 1201 deserat
738 1148 814 1201 ante
825 1136 935 1203 fidem.

395 1287 702 1438 reson-'A
750 1340 878 1416 xrx.
953 1332 956 1340 ’

320 1456 322 1462 ‚
423 1516 560 1588 noras
588 1514 644 1568 cr
673 1517 849 1570 nunus.

153 1625 380 1742 Hordeum-s
397 1677 521 1740 Dumos
534 1659 630 1740 Abies
647 1673 869 1757 pulcherrima
882 1671 971 1753 risit,

197 1783 283 1843 Cum
298 1785 441 1845 facerent
458 1785 584 1846 formae
596 1781 704 1864 iurgia
718 1800 838 1867 magna
849 1800 943 1855 suae3

149 1882 336 1966 Indignum
355 1886 497 1946 referens
515 1884 638 1946 cunctis
653 1891 817 1946 certamen
831 1876 962 1958 haberi,

196 1984 291 2065 Quos
305 1983 428 2047 meritis
446 1986 557 2047 nullus
574 1982 774 2045 consociaret
790 1985 906 2042 honos.

156 2092 244 2150 Nam
257 2089 337 2153 mihi
350 2095 527 2156 deductum
540 2088 677 2177 surgens
689 2091 725 2152 in
739 2087 853 2152 nubila
865 2107 1003 2172 corpus,
1090 2087 1107 2148 5
1157 2145 1160 2150 ,
1235 2139 1268 2182 ,¹

200 2179 338 2259 verdeis
355 2208 477 2260 erectas
496 2197 581 2268 tollit
595 2197 632 2258 in
647 2204 732 2258 astra
747 2211 865 2257 comas.

155 2298 327 2379 Puppibus
339 2300 375 2362 in
389 2299 517 2382 mediis,
534 2285 705 2380 mediaque
720 2299 759 2360 in
777 2299 853 2360 sede
872 2281 1038 2377 locamur,
1053 2355 1057 2363 ,

110 2389 114 2394 ”
197 2403 236 2462 In
250 2423 302 2464 me
314 2423 486 2485 suspensos
499 2404 641 2486 explicat
654 2424 734 2464 aura
749 2402 849 2464 sinus.

155 2511 200 2572 At
216 2509 275 2571 tibi
288 2511 469 2574 deformem
489 2513 578 2592 quod
594 2512 673 2572 dant
687 2508 815 2590 spineta
828 2505 999 2602 figuramp

197 2615 516 2696 Despectumcuncti
530 2611 727 2698 praeteriere
740 2612 813 2675 viri.
874 2620 875 2624 ’
1067 2627 1107 2682 ,ιο

154 2718 218 2778 Ille
232 2719 348 2779 refert-z
370 2721 465 2781 Nunc
477 2720 562 2780 laeta
573 2717 707 2800 quidem
719 2720 808 2779 bona
821 2715 891 2780 sola
901 2687 1027 2796 fateris,

197 2826 237 2887 Et
255 2825 372 2889 nostris
382 2824 522 2890 frueris'
512 2823 686 2930 unperiosa
700 2823 811 2901 malis3
997 2893 999 2898 ,

69 2977 73 2994 .
149 2929 219 2991 Sed
230 2951 302 2992 cum
314 2932 451 3012 pulchra
463 2923 576 2992 minax
587 2931 731 2992 succidet
741 2931 889 2992 membra
899 2926 1037 3010 securis,

195 3035 307 3120 Quam
319 3036 420 3102 velles
437 3035 546 3151 spinas
565 3047 644 3099 tuno
662 3035 813 3099 habuisse
825 3039 939 3098 meast

78 3187 80 3194 .
150 3138 260 3197 Nemo
275 3156 352 3197 suae
370 3135 477 3199 carnis
494 3135 636 3199 nimium
655 3139 791 3204 laetetur
805 3139 955 3228 honoreg
1007 3219 1011 3225 .
1071 3133 1107 3202 15

194 3245 243 3312 ue
255 3244 327 3312 vilis
342 3245 448 3312 factus
465 3257 539 3330 post
548 3267 609 3310 sua
621 3249 742 3310 demna
760 3256 880 3333 gemat.
948 3307 951 3314 .

404 3435 892 3544 rnuocnxxx
922 3390 999 3450 ·

269 3603 272 3607 “
373 3609 612 3674 Plscn‘ron
639 3617 695 3668 ET
722 3614 891 3671 Ptscls

153 3705 198 3820 P
201 3772 337 3818 rscaron
351 3754 465 3820 solitus
476 3763 633 3838 praedam
643 3705 847 3896 deprendere
860 3768 941 3866 seta,

82 3875 85 3881 ·
193 3859 361 3948 Exigui
329 3861 425 3942 piscis
437 3863 504 3928 vile
514 3869 663 3930 trahebat
677 3885 770 3931 onus
849 3942 859 3965 ι
