2916 4790
386 479 424 540 18
469 489 474 496 “
559 473 748 542 PHAEDRI
768 477 1022 546 FABUMRUM
1044 481 1163 544 Ltus

610 699 637 770 F
662 697 693 769 A
718 699 745 770 B
771 698 804 772 U
827 701 856 772 L
881 698 913 770 A
961 701 1101 774 XXX
1320 795 1324 802 1

438 863 569 915 nanae
591 864 827 917 Meruuurns
850 850 1076 923 rnuaonuu
1099 868 1280 924 rnorem.
1351 933 1356 936 ,

379 958 559 1096 Hunrpus
576 1010 741 1088 laborant,
754 1005 813 1068 ubi
829 1014 976 1088 potentes
991 1005 1157 1072 dissident.

418 1116 525 1190 Rana,
545 1111 580 1174 in
594 1112 714 1193 palude
729 1129 876 1196 pugnam
888 1096 1073 1171 Taurorum
1085 1110 1232 1197 intuens,

377 1219 467 1297 Heu,
482 1225 603 1296 quanta
613 1213 708 1288 nobis
725 1213 823 1274 instat
839 1212 1019 1294 pernicies!
1039 1214 1093 1278 ait.

375 1319 578 1408 Interrogata
594 1323 636 1383 ab
653 1320 733 1400 alia,
750 1321 882 1381 ourhoc
896 1319 1035 1402 diceret,

374 1431 424 1493 De
439 1427 623 1511 principatu
643 1448 718 1488 cum
736 1429 938 1488 decertarent
953 1425 1076 1512 gregis,
1307 1433 1324 1494 ὅ

321 1521 325 1528 ’
374 1533 553 1616 Longeque
565 1534 607 1594 ab
619 1510 858 1616 illis‘degerent
874 1530 975 1593 vitam
992 1533 1092 1598 boves
1104 1556 1127 1610 ε,

374 1635 428 1696 Est
443 1634 539 1696 statio
560 1653 672 1714 separ,
685 1632 746 1714 ait,
766 1652 804 1694 ac
818 1631 982 1696 diversum
996 1655 1115 1719 genus3

373 1740 436 1800 Sed
455 1740 566 1820 pulsus
582 1758 686 1823 regno
701 1737 843 1800 nemoris
861 1737 919 1818 qui
940 1739 1140 1825 profugerit,

374 1846 506 1910 Paludis
521 1846 556 1908 in
574 1856 696 1909 secreta
717 1845 826 1924 veniet
845 1844 1003 1928 latibula,

371 1952 412 2016 Et
423 1951 626 2032 proculcatas
644 1954 769 2014 obteret
784 1952 867 2012 duro
881 1952 986 2034 pede:
1286 1973 1325 2016 ao

292 2065 296 2076 ’
368 2060 480 2140 Caput
495 2057 541 2120 ita
553 2059 596 2119 ad
609 2068 757 2122 nostrum
772 2057 865 2118 furor
882 2056 1017 2122 illorum
1032 2055 1184 2139 pertinet.

587 2226 724 2306 Fau
751 2233 782 2306 U
807 2234 895 2306 LA
941 2233 1113 2308 XXXI.

561 2399 746 2451 unuus
774 2399 831 2451 ur
859 2397 1139 2451 corununu.

320 2593 323 2598 .
373 2497 471 2638 Qut
484 2563 518 2605 se
531 2543 704 2606 committit
720 2539 850 2603 homini
868 2542 1042 2604 tutandum
1056 2517 1232 2624 improbo,
1251 2593 1258 2608 ,

370 2642 502 2705 Auxilia
516 2647 595 2706 dum
615 2641 765 2722 requirit,
781 2640 916 2704 exitium
929 2641 1067 2704 invenit.

409 2743 588 2808 Columbae
604 2766 700 2827 saepe
718 2767 791 2808 curn
804 2745 960 2831 fugissent
975 2746 1136 2828 Militum,

359 2853 408 2922 OEt
421 2850 585 2912 eeleritate
602 2869 728 2931 pennae
743 2849 896 2913 vitassent
915 2871 1046 2933 necem,

370 2955 550 3017 Consilium
571 2964 683 3037 raptor
699 2954 795 3016 vertit
815 2957 856 3016 ad
869 2955 1064 3038 fallaciam,
1108 2934 1133 3010 ,s'

367 3061 406 3120 Et
420 3079 522 3142 genus
534 3058 660 3124 inerme
678 3053 734 3118 tali
752 3051 884 3137 decepit‘
898 3057 994 3118 dolo:
1062 3091 1069 3104 ·
1144 3096 1149 3108 .

367 3169 476 3248 Quare
489 3165 667 3230 sollicitum
684 3164 792 3247 potius
808 3182 926 3224 aevum
943 3161 1080 3245 ducitis,

366 3270 474 3349 Quam
493 3289 602 3352 regern
618 3289 671 3328 me
691 3267 806 3328 creatis
823 3263 888 3326 icto
904 3265 1053 3343 foedere,

366 3370 433 3452 Qui
447 3389 504 3430 vos
521 3373 562 3432 ab
580 3370 672 3431 omni
689 3380 772 3431 tutas
789 3379 949 3450 praestem
969 3367 1116 3430 iniuria?

363 3476 445 3535 Illae
464 3475 644 3553 eredentes,
667 3475 799 3535 tradunt
815 3495 884 3542 sese
904 3474 1026 3536 Mtttto=

362 3581 445 3666 Qui,
466 3601 603 3664 regnum
616 3583 766 3663 adeptus,
781 3585 886 3666 eoepit
902 3583 989 3646 vesei
1004 3581 1164 3668 singulas,

361 3685 401 3744 Et
419 3705 569 3746 exercere
587 3683 763 3765 imperium
779 3687 883 3750 saevis
901 3685 1076 3771 unguibus.

360 3791 454 3851 Tunc
464 3791 505 3850 de
518 3789 653 3868 reliqiiis
667 3810 748 3852 una:
766 3791 882 3852 Merito
896 3789 1083 3872 plectimur.
