2750 4782
366 383 437 450 'sos
596 384 844 446 ctonrsu
873 385 1111 450 caronls

429 523 437 560 ⁴
804 545 892 606 xm.

246 729 251 740 ι
375 653 538 722 Invidiam
552 650 657 716 nimio
667 651 756 714 cultu
766 649 871 713 vitare
884 659 1065 718 memento:

375 761 470 842 Quae
479 755 506 820 si
516 773 584 821 uon
594 752 710 835 laedit,
721 763 830 816 tamen
841 757 927 818 hanc
935 750 1072 818 sufferre
1082 755 1294 822 molestum
1304 765 1345 820 ert

805 875 890 938 XIV.

374 989 450 1048 Esto
459 981 570 1046 animo
580 981 673 1064 sorti,
683 1003 759 1044 cum
769 983 813 1046 sis
823 985 994 1048 damnatus
1007 983 1144 1066 inique:

375 1096 478 1157 Nemo
489 1091 546 1153 diu
560 1092 695 1176 gaudet,
708 1089 767 1171 qui
778 1090 887 1152 iudice
899 1088 1003 1153 vincit
1017 1089 1152 1171 iniquo.

451 1275 458 1283 ,
732 1214 735 1220 ’
809 1209 881 1273 XV.

374 1327 456 1390 Litis
469 1325 661 1410 praeteritae
675 1321 744 1394 noli
758 1322 931 1386 maledicta
944 1324 1086 1387 referres

374 1434 449 1494 Post
460 1429 647 1493 inimicitias
658 1427 743 1491 iram
756 1426 958 1510 meminisse,
968 1432 1140 1494 malornm
1151 1438 1225 1496 est.

801 1545 889 1610 XVI.

372 1662 439 1722 Nec
450 1665 481 1720 te
492 1657 671 1735 collaudes,
683 1674 744 1716 nec
756 1661 788 1715 te
800 1652 981 1736 culpaveris
991 1653 1080 1736 ipse:

373 1766 445 1827 Hoc
456 1760 581 1825 faciunt
592 1757 698 1841 stulti,
708 1778 789 1842 quos
800 1757 906 1844 gloria
916 1769 1011 1822 vexat
1022 1758 1151 1826 inanis.

792 1881 895 1946 XVII.

203 1997 205 2004 ·
238 2069 244 2082 ¹
346 1995 348 2002 '
372 1996 470 2056 Utere
487 1991 639 2073 quaesitis
650 1990 793 2054 modice:
806 2011 880 2053 cum
893 2000 1019 2056 sumtus
1032 1996 1205 2077 abundat,

372 2097 509 2160 Labitur
522 2095 658 2181 exiguo,
668 2099 756 2176 quod
769 2108 899 2179 partum
914 2108 961 2162 est
976 2108 1123 2182 tempore
1135 2103 1258 2190 longo.

702 2225 703 2230 ’
788 2221 905 2285 XVIII.

287 2400 291 2412 ,
370 2327 532 2414 insipiens
544 2335 628 2410 esto,
641 2350 716 2391 cum
729 2338 855 2414 tempus
871 2333 1027 2413 postulat,
1038 2341 1094 2394 aut
1109 2354 1182 2397 res:

372 2435 547 2501 stultitiam
558 2433 712 2526 simulare
727 2437 816 2517 loco,
833 2437 1007 2530 prudentia
1021 2458 1149 2524 summa
1163 2450 1224 2506 est.

799 2551 883 2614 XIX.

371 2662 549 2724 Luxuriam
560 2663 681 2748 fugito,
691 2665 789 2728 simul
802 2674 834 2727 et
847 2664 949 2728 vitare
965 2675 1129 2728 memento

371 2765 503 2828 Crimen
514 2763 686 2827 avaritiae:
702 2783 780 2825 nam
790 2771 866 2827 sunt
877 2765 1041 2826 contraria
1052 2766 1171 2828 famae.

809 2881 879 2943 XX.

370 2989 446 3054 Noli
460 2999 497 3052 tu
505 2989 666 3068 quaedam
681 2971 834 3050 referenti
846 2989 977 3051 credere
990 3009 1133 3073 semper:

369 3094 494 3180 Exigua
508 3103 554 3155 est
568 3093 740 3156 tribuenda
751 3091 847 3174 fides,
858 3091 935 3172 quia
946 3096 1050 3157 multa
1066 3093 1254 3174 loquuntur.
1339 3169 1340 3176 ἵ

797 3199 884 3270 ΧΧΙ.

369 3321 462 3402 Quae
476 3331 573 3399 potus
587 3343 719 3404 peccas,
730 3322 899 3408 ignoscere
909 3329 943 3383 tu
960 3315 1022 3384 tibi
1035 3289 1121 3387 noli:

368 3426 451 3486 Nam
464 3422 588 3484 crimen
601 3429 730 3488 nullum
741 3426 811 3489 'vini
827 3436 888 3508 cst,
904 3429 962 3490 sed
972 3423 1067 3508 cutp'a
1079 3427 1234 3494 bibentis.
1338 3439 1339 3442 ’

736 3573 739 3578 ·
792 3543 895 3604 XXII.

343 3639 345 3645 ⁸
362 3649 549 3756 fConsilium
562 3669 718 3714 arcanum
733 3651 830 3714 tacito
841 3652 1007 3716 committe
1016 3653 1138 3718 sudati:

369 3755 521 3840 Corporis
534 3754 694 3820 auxilium
705 3757 833 3822 medico
845 3759 1010 3821 committe
1023 3759 1123 3824 fideti.
