<?xml version="1.0" encoding="UTF-8"?>
<!DOCTYPE html PUBLIC "-//W3C//DTD XHTML 1.0 Transitional//EN"
    "http://www.w3.org/TR/xhtml1/DTD/xhtml1-transitional.dtd">
<html xmlns="http://www.w3.org/1999/xhtml" xml:lang="en" lang="en">
 <head>
  <title>
</title>
<meta http-equiv="Content-Type" content="text/html;charset=utf-8" />
  <meta name='ocr-system' content='tesseract 3.04.00' />
  <meta name='ocr-capabilities' content='ocr_page ocr_carea ocr_par ocr_line ocrx_word'/>
</head>
<body>
  <div class='ocr_page' id='page_1' title='image "./phaedriaugustil05phaegoog_0271.png"; bbox 0 0 2750 4782; ppageno 0'>
   <div class='ocr_carea' id='block_1_1' title="bbox 362 421 992 518">
    <p class='ocr_par' dir='ltr' id='par_1_1' title="bbox 362 421 992 518">
     <span class='ocr_line' id='line_1_1' title="bbox 362 421 992 518; baseline 0.008 -6"><span class='ocrx_word' id='word_1_1' title='bbox 362 443 465 518; x_wconf 68' lang='lat' dir='ltr'><strong>ua·</strong></span> <span class='ocrx_word' id='word_1_2' title='bbox 613 421 992 517; x_wconf 74' lang='lat' dir='ltr'><strong>&#39;auonrnt</strong></span> 
     </span>
    </p>
   </div>
   <div class='ocr_carea' id='block_1_2' title="bbox 276 590 1265 2387">
    <p class='ocr_par' dir='ltr' id='par_1_2' title="bbox 355 590 1260 772">
     <span class='ocr_line' id='line_1_2' title="bbox 355 590 1260 681; baseline 0 -23"><span class='ocrx_word' id='word_1_3' title='bbox 355 592 539 681; x_wconf 83' lang='lat' dir='ltr'><strong>Hancligat</strong></span> <span class='ocrx_word' id='word_1_4' title='bbox 551 591 722 675; x_wconf 85' lang='lat' dir='ltr'><strong>amplexu,</strong></span> <span class='ocrx_word' id='word_1_5' title='bbox 736 590 944 671; x_wconf 78' lang='lat' dir='ltr'><strong>fructumque</strong></span> <span class='ocrx_word' id='word_1_6' title='bbox 959 591 1073 680; x_wconf 83' lang='lat' dir='ltr'><strong>ligurit</strong></span> <span class='ocrx_word' id='word_1_7' title='bbox 1083 595 1260 678; x_wconf 82' lang='lat' dir='ltr'><strong>amoris:</strong></span> 
     </span>
     <span class='ocr_line' id='line_1_3' title="bbox 394 699 1167 772; baseline 0.001 -9"><span class='ocrx_word' id='word_1_8' title='bbox 394 701 482 764; x_wconf 88' lang='lat' dir='ltr'><strong>Hinc</strong></span> <span class='ocrx_word' id='word_1_9' title='bbox 496 699 581 762; x_wconf 85' lang='lat' dir='ltr'><strong>redit</strong></span> <span class='ocrx_word' id='word_1_10' title='bbox 596 701 637 760; x_wconf 91' lang='lat' dir='ltr'><strong>ad</strong></span> <span class='ocrx_word' id='word_1_11' title='bbox 651 699 775 772; x_wconf 69' lang='lat' dir='ltr'><strong>furem</strong></span> <span class='ocrx_word' id='word_1_12' title='bbox 789 701 847 760; x_wconf 78' lang='lat' dir='ltr'><strong>aed</strong></span> <span class='ocrx_word' id='word_1_13' title='bbox 857 701 928 761; x_wconf 87' lang='lat' dir='ltr'><strong>loca</strong></span> <span class='ocrx_word' id='word_1_14' title='bbox 940 699 1013 762; x_wconf 88' lang='lat' dir='ltr'><strong>fure</strong></span> <span class='ocrx_word' id='word_1_15' title='bbox 1031 713 1167 764; x_wconf 80' lang='lat' dir='ltr'>carent.</span> 
     </span>
    </p>

    <p class='ocr_par' dir='ltr' id='par_1_3' title="bbox 354 801 1249 986">
     <span class='ocr_line' id='line_1_4' title="bbox 354 801 1249 890; baseline 0.001 -23"><span class='ocrx_word' id='word_1_16' title='bbox 354 803 419 868; x_wconf 88' lang='lat' dir='ltr'><strong>Hic</strong></span> <span class='ocrx_word' id='word_1_17' title='bbox 430 806 532 883; x_wconf 78' lang='lat' dir='ltr'>dolet,</span> <span class='ocrx_word' id='word_1_18' title='bbox 546 805 610 865; x_wconf 87' lang='lat' dir='ltr'><strong>hoe</strong></span> <span class='ocrx_word' id='word_1_19' title='bbox 621 809 733 883; x_wconf 83' lang='lat' dir='ltr'><strong>questu</strong></span> <span class='ocrx_word' id='word_1_20' title='bbox 748 802 844 864; x_wconf 84' lang='lat' dir='ltr'><strong>dolor</strong></span> <span class='ocrx_word' id='word_1_21' title='bbox 854 803 909 865; x_wconf 88' lang='lat' dir='ltr'><strong>hie</strong></span> <span class='ocrx_word' id='word_1_22' title='bbox 917 801 1048 890; x_wconf 85' lang='lat' dir='ltr'><strong>instigat</strong></span> <span class='ocrx_word' id='word_1_23' title='bbox 1058 805 1249 870; x_wconf 79' lang='lat' dir='ltr'><strong>amicam:</strong></span> 
     </span>
     <span class='ocr_line' id='line_1_5' title="bbox 394 903 1094 986; baseline -0.009 -16"><span class='ocrx_word' id='word_1_24' title='bbox 394 913 468 970; x_wconf 90' lang='lat' dir='ltr'><strong>Non</strong></span> <span class='ocrx_word' id='word_1_25' title='bbox 481 909 566 970; x_wconf 87' lang='lat' dir='ltr'>ben&#39;e</span> <span class='ocrx_word' id='word_1_26' title='bbox 578 917 707 968; x_wconf 81' lang='lat' dir='ltr'><strong>servato</strong></span> <span class='ocrx_word' id='word_1_27' title='bbox 720 905 808 986; x_wconf 82' lang='lat' dir='ltr'><strong>iure,</strong></span> <span class='ocrx_word' id='word_1_28' title='bbox 822 903 939 966; x_wconf 86' lang='lat' dir='ltr'><strong>timore</strong></span> <span class='ocrx_word' id='word_1_29' title='bbox 952 925 1094 986; x_wconf 86' lang='lat' dir='ltr'><strong>premor.</strong></span> 
     </span>
    </p>

    <p class='ocr_par' dir='ltr' id='par_1_4' title="bbox 352 1008 1201 1202">
     <span class='ocr_line' id='line_1_6' title="bbox 352 1008 1201 1102; baseline -0.002 -26"><span class='ocrx_word' id='word_1_30' title='bbox 352 1017 425 1076; x_wconf 81' lang='lat' dir='ltr'><strong>Rex</strong></span> <span class='ocrx_word' id='word_1_31' title='bbox 438 1013 521 1080; x_wconf 86' lang='lat' dir='ltr'><strong>mihi</strong></span> <span class='ocrx_word' id='word_1_32' title='bbox 533 1013 730 1102; x_wconf 77' lang='lat' dir='ltr'><strong>servandum</strong></span> <span class='ocrx_word' id='word_1_33' title='bbox 742 1013 890 1074; x_wconf 78' lang='lat' dir='ltr'>dederat:</span> <span class='ocrx_word' id='word_1_34' title='bbox 906 1031 959 1072; x_wconf 87' lang='lat' dir='ltr'><strong>me</strong></span> <span class='ocrx_word' id='word_1_35' title='bbox 971 1009 1078 1095; x_wconf 84' lang='lat' dir='ltr'><strong>regius</strong></span> <span class='ocrx_word' id='word_1_36' title='bbox 1092 1008 1201 1074; x_wconf 74' lang='lat' dir='ltr'>ensis</span> 
     </span>
     <span class='ocr_line' id='line_1_7' title="bbox 392 1115 1121 1202; baseline -0.01 -18"><span class='ocrx_word' id='word_1_37' title='bbox 392 1124 522 1202; x_wconf 87' lang='lat' dir='ltr'><strong>Terret,</strong></span> <span class='ocrx_word' id='word_1_38' title='bbox 537 1128 569 1182; x_wconf 86' lang='lat' dir='ltr'><strong>et</strong></span> <span class='ocrx_word' id='word_1_39' title='bbox 582 1129 744 1182; x_wconf 80' lang='lat' dir='ltr'>extorrem</span> <span class='ocrx_word' id='word_1_40' title='bbox 754 1137 806 1180; x_wconf 88' lang='lat' dir='ltr'><strong>me</strong></span> <span class='ocrx_word' id='word_1_41' title='bbox 818 1115 909 1179; x_wconf 85' lang='lat' dir='ltr'><strong>iubet</strong></span> <span class='ocrx_word' id='word_1_42' title='bbox 925 1137 993 1181; x_wconf 85' lang='lat' dir='ltr'>esse</span> <span class='ocrx_word' id='word_1_43' title='bbox 1010 1118 1121 1180; x_wconf 85' lang='lat' dir='ltr'><strong>timor.</strong></span> 
     </span>
    </p>

    <p class='ocr_par' dir='ltr' id='par_1_5' title="bbox 276 1222 1265 1412">
     <span class='ocr_line' id='line_1_8' title="bbox 276 1222 1265 1306; baseline -0.004 -18"><span class='ocrx_word' id='word_1_44' title='bbox 276 1229 284 1246; x_wconf 73' lang='lat'>⁸</span> <span class='ocrx_word' id='word_1_45' title='bbox 352 1226 442 1288; x_wconf 86' lang='lat' dir='ltr'><strong>Haec</strong></span> <span class='ocrx_word' id='word_1_46' title='bbox 452 1225 520 1301; x_wconf 59' lang='lat' dir='ltr'><strong>ait,</strong></span> <span class='ocrx_word' id='word_1_47' title='bbox 531 1222 661 1304; x_wconf 77' lang='lat' dir='ltr'><strong>inveni,</strong></span> <span class='ocrx_word' id='word_1_48' title='bbox 675 1242 758 1304; x_wconf 85' lang='lat' dir='ltr'><strong>quae</strong></span> <span class='ocrx_word' id='word_1_49' title='bbox 772 1243 864 1306; x_wconf 85' lang='lat' dir='ltr'><strong>spem</strong></span> <span class='ocrx_word' id='word_1_50' title='bbox 876 1222 937 1284; x_wconf 89' lang='lat' dir='ltr'><strong>tihi</strong></span> <span class='ocrx_word' id='word_1_51' title='bbox 950 1223 1096 1304; x_wconf 80' lang='lat' dir='ltr'><strong>suscitet,</strong></span> <span class='ocrx_word' id='word_1_52' title='bbox 1117 1232 1265 1286; x_wconf 86' lang='lat' dir='ltr'><strong>artem:</strong></span> 
     </span>
     <span class='ocr_line' id='line_1_9' title="bbox 391 1325 1091 1412; baseline -0.006 -18"><span class='ocrx_word' id='word_1_53' title='bbox 391 1328 453 1394; x_wconf 88' lang='lat' dir='ltr'><strong>Vir</strong></span> <span class='ocrx_word' id='word_1_54' title='bbox 467 1349 559 1391; x_wconf 90' lang='lat' dir='ltr'><strong>meus</strong></span> <span class='ocrx_word' id='word_1_55' title='bbox 573 1325 722 1412; x_wconf 84' lang='lat' dir='ltr'><strong>implebit</strong></span> <span class='ocrx_word' id='word_1_56' title='bbox 739 1327 774 1390; x_wconf 86' lang='lat' dir='ltr'><strong>iu</strong></span> <span class='ocrx_word' id='word_1_57' title='bbox 792 1347 890 1391; x_wconf 79' lang='lat' dir='ltr'><strong>cruca</strong></span> <span class='ocrx_word' id='word_1_58' title='bbox 903 1326 983 1392; x_wconf 83' lang='lat' dir='ltr'><strong>iuris</strong></span> <span class='ocrx_word' id='word_1_59' title='bbox 999 1347 1091 1390; x_wconf 89' lang='lat' dir='ltr'><strong>onus.</strong></span> 
     </span>
    </p>

    <p class='ocr_par' dir='ltr' id='par_1_6' title="bbox 350 1425 1106 1620">
     <span class='ocr_line' id='line_1_10' title="bbox 350 1425 1106 1514; baseline -0.008 -16"><span class='ocrx_word' id='word_1_60' title='bbox 350 1437 415 1498; x_wconf 76' lang='lat' dir='ltr'><strong>Ista</strong></span> <span class='ocrx_word' id='word_1_61' title='bbox 430 1434 494 1496; x_wconf 83' lang='lat' dir='ltr'><strong>viri</strong></span> <span class='ocrx_word' id='word_1_62' title='bbox 510 1435 642 1496; x_wconf 87' lang='lat' dir='ltr'><strong>bustum</strong></span> <span class='ocrx_word' id='word_1_63' title='bbox 656 1439 792 1496; x_wconf 78' lang='lat' dir='ltr'><strong>reserat:</strong></span> <span class='ocrx_word' id='word_1_64' title='bbox 812 1425 873 1514; x_wconf 64' lang='lat' dir='ltr'><strong>liro</strong></span> <span class='ocrx_word' id='word_1_65' title='bbox 893 1432 964 1494; x_wconf 84' lang='lat' dir='ltr'><strong>fure</strong></span> <span class='ocrx_word' id='word_1_66' title='bbox 978 1439 1106 1493; x_wconf 79' lang='lat' dir='ltr'>catenat</span> 
     </span>
     <span class='ocr_line' id='line_1_11' title="bbox 392 1533 1084 1620; baseline -0.003 -23"><span class='ocrx_word' id='word_1_67' title='bbox 392 1539 464 1618; x_wconf 85' lang='lat' dir='ltr'><strong>ipsa</strong></span> <span class='ocrx_word' id='word_1_68' title='bbox 477 1535 608 1616; x_wconf 84' lang='lat' dir='ltr'><strong>virum,</strong></span> <span class='ocrx_word' id='word_1_69' title='bbox 626 1545 742 1598; x_wconf 82' lang='lat' dir='ltr'><strong>reatem</strong></span> <span class='ocrx_word' id='word_1_70' title='bbox 755 1535 899 1620; x_wconf 82' lang='lat' dir='ltr'><strong>subligat</strong></span> <span class='ocrx_word' id='word_1_71' title='bbox 912 1534 982 1618; x_wconf 79' lang='lat' dir='ltr'><strong>ipsa</strong></span> <span class='ocrx_word' id='word_1_72' title='bbox 1000 1533 1084 1596; x_wconf 78' lang='lat' dir='ltr'><strong>viro·</strong></span> 
     </span>
    </p>

    <p class='ocr_par' dir='ltr' id='par_1_7' title="bbox 349 1639 1232 1832">
     <span class='ocr_line' id='line_1_12' title="bbox 349 1639 1232 1721; baseline -0.003 -13"><span class='ocrx_word' id='word_1_73' title='bbox 349 1639 435 1708; x_wconf 84' lang='lat' dir='ltr'><strong>Huic</strong></span> <span class='ocrx_word' id='word_1_74' title='bbox 447 1640 562 1702; x_wconf 90' lang='lat' dir='ltr'><strong>merito</strong></span> <span class='ocrx_word' id='word_1_75' title='bbox 577 1640 761 1703; x_wconf 84' lang='lat' dir='ltr'><strong>succumbit</strong></span> <span class='ocrx_word' id='word_1_76' title='bbox 770 1643 892 1721; x_wconf 69' lang='lat' dir='ltr'><strong>liuues3</strong></span> <span class='ocrx_word' id='word_1_77' title='bbox 911 1640 1093 1704; x_wconf 79' lang='lat' dir='ltr'><strong>succumbit</strong></span> <span class='ocrx_word' id='word_1_78' title='bbox 1108 1641 1232 1704; x_wconf 86' lang='lat' dir='ltr'><strong>amori</strong></span> 
     </span>
     <span class='ocr_line' id='line_1_13' title="bbox 389 1744 1128 1832; baseline 0.003 -26"><span class='ocrx_word' id='word_1_79' title='bbox 389 1746 451 1808; x_wconf 84' lang='lat' dir='ltr'><strong>illa</strong></span> <span class='ocrx_word' id='word_1_80' title='bbox 461 1763 566 1807; x_wconf 83' lang='lat' dir='ltr'>novo:</span> <span class='ocrx_word' id='word_1_81' title='bbox 582 1744 662 1832; x_wconf 81' lang='lat' dir='ltr'><strong>ligat</strong></span> <span class='ocrx_word' id='word_1_82' title='bbox 676 1745 741 1810; x_wconf 79' lang='lat' dir='ltr'><strong>hae</strong></span> <span class='ocrx_word' id='word_1_83' title='bbox 751 1744 867 1811; x_wconf 81' lang='lat' dir='ltr'><strong>firmus</strong></span> <span class='ocrx_word' id='word_1_84' title='bbox 879 1767 990 1810; x_wconf 87' lang='lat' dir='ltr'><strong>amore</strong></span> <span class='ocrx_word' id='word_1_85' title='bbox 1005 1749 1128 1812; x_wconf 86' lang='lat' dir='ltr'><strong>thorus.</strong></span> 
     </span>
    </p>

    <p class='ocr_par' dir='ltr' id='par_1_8' title="bbox 349 1847 1264 2170">
     <span class='ocr_line' id='line_1_14' title="bbox 349 1847 1178 1936; baseline 0 -20"><span class='ocrx_word' id='word_1_86' title='bbox 349 1851 425 1916; x_wconf 86' lang='lat' dir='ltr'><strong>Sola</strong></span> <span class='ocrx_word' id='word_1_87' title='bbox 438 1847 557 1934; x_wconf 78' lang='lat' dir='ltr'><strong>premit</strong></span> <span class='ocrx_word' id='word_1_88' title='bbox 571 1851 728 1934; x_wconf 84' lang='lat' dir='ltr'><strong>vivosque</strong></span> <span class='ocrx_word' id='word_1_89' title='bbox 743 1862 832 1915; x_wconf 85' lang='lat' dir='ltr'><strong>metu</strong></span> <span class='ocrx_word' id='word_1_90' title='bbox 847 1871 1018 1935; x_wconf 84' lang='lat' dir='ltr'>poenaque</span> <span class='ocrx_word' id='word_1_91' title='bbox 1027 1853 1178 1936; x_wconf 78' lang='lat' dir='ltr'><strong>sepultos</strong></span> 
     </span>
     <span class='ocr_line' id='line_1_15' title="bbox 389 1942 1100 2038; baseline 0.003 -22"><span class='ocrx_word' id='word_1_92' title='bbox 389 1953 542 2016; x_wconf 83' lang='lat' dir='ltr'><strong>Femina:</strong></span> <span class='ocrx_word' id='word_1_93' title='bbox 562 1953 742 2019; x_wconf 86' lang='lat' dir='ltr'><strong>femineum</strong></span> <span class='ocrx_word' id='word_1_94' title='bbox 758 1954 806 2018; x_wconf 89' lang='lat' dir='ltr'><strong>nil</strong></span> <span class='ocrx_word' id='word_1_95' title='bbox 821 1953 904 2018; x_wconf 84' lang='lat' dir='ltr'>hene</span> <span class='ocrx_word' id='word_1_96' title='bbox 919 1953 992 2018; x_wconf 88' lang='lat' dir='ltr'><strong>finit</strong></span> <span class='ocrx_word' id='word_1_97' title='bbox 1008 1942 1100 2038; x_wconf 76' lang='lat' dir='ltr'><strong>opus.</strong></span> 
     </span>
     <span class='ocr_line' id='line_1_16' title="bbox 395 2099 1264 2170; baseline -0.002 -19"><span class='ocrx_word' id='word_1_98' title='bbox 395 2099 457 2152; x_wconf 81' lang='lat' dir='ltr'><strong>Post</strong></span> <span class='ocrx_word' id='word_1_99' title='bbox 471 2119 559 2153; x_wconf 74' lang='lat' dir='ltr'><strong>ursum</strong></span> <span class='ocrx_word' id='word_1_100' title='bbox 575 2101 616 2151; x_wconf 81' lang='lat'><strong>26.</strong></span> <span class='ocrx_word' id='word_1_101' title='bbox 633 2103 695 2152; x_wconf 74' lang='lat' dir='ltr'><strong>aliu</strong></span> <span class='ocrx_word' id='word_1_102' title='bbox 705 2103 787 2170; x_wconf 76' lang='lat' dir='ltr'><strong>ingerit</strong></span> <span class='ocrx_word' id='word_1_103' title='bbox 799 2119 877 2153; x_wconf 72' lang='lat' dir='ltr'><strong>versus</strong></span> <span class='ocrx_word' id='word_1_104' title='bbox 890 2104 961 2152; x_wconf 76' lang='lat' dir='ltr'><strong>editio</strong></span> <span class='ocrx_word' id='word_1_105' title='bbox 977 2099 1096 2152; x_wconf 81' lang='lat' dir='ltr'><strong>Ulmensis</strong></span> <span class='ocrx_word' id='word_1_106' title='bbox 1115 2113 1160 2152; x_wconf 71' lang='lat' dir='ltr'><strong>aa.</strong></span> <span class='ocrx_word' id='word_1_107' title='bbox 1182 2115 1264 2166; x_wconf 76' lang='lat'><strong>1494·</strong></span> 
     </span>
    </p>

    <p class='ocr_par' dir='ltr' id='par_1_9' title="bbox 348 2185 1104 2387">
     <span class='ocr_line' id='line_1_17' title="bbox 477 2185 1084 2261; baseline 0.007 -19"><span class='ocrx_word' id='word_1_108' title='bbox 477 2223 480 2230; x_wconf 90' lang='lat'>·</span> <span class='ocrx_word' id='word_1_109' title='bbox 561 2208 654 2261; x_wconf 71' lang='lat' dir='ltr'><strong>quamn</strong></span> <span class='ocrx_word' id='word_1_110' title='bbox 672 2194 767 2242; x_wconf 79' lang='lat' dir='ltr'><strong>altimus</strong></span> <span class='ocrx_word' id='word_1_111' title='bbox 781 2211 797 2243; x_wconf 77' lang='lat' dir='ltr'><strong>a</strong></span> <span class='ocrx_word' id='word_1_112' title='bbox 811 2194 879 2244; x_wconf 77' lang='lat' dir='ltr'><strong>aubis</strong></span> <span class='ocrx_word' id='word_1_113' title='bbox 893 2185 1027 2244; x_wconf 64' lang='lat' dir='ltr'><strong>macras</strong></span> <span class='ocrx_word' id='word_1_114' title='bbox 1039 2207 1084 2246; x_wconf 71' lang='lat' dir='ltr'><strong>est·</strong></span> 
     </span>
     <span class='ocr_line' id='line_1_18' title="bbox 348 2285 1104 2387; baseline 0 -19"><span class='ocrx_word' id='word_1_115' title='bbox 348 2303 443 2368; x_wconf 86' lang='lat' dir='ltr'><strong>Miles</strong></span> <span class='ocrx_word' id='word_1_116' title='bbox 455 2285 665 2387; x_wconf 35' lang='lat' dir='ltr'><strong>ait‚*Nortrae</strong></span> <span class='ocrx_word' id='word_1_117' title='bbox 675 2305 794 2370; x_wconf 80' lang='lat' dir='ltr'><strong>nostris</strong></span> <span class='ocrx_word' id='word_1_118' title='bbox 804 2305 1002 2372; x_wconf 78' lang='lat' dir='ltr'><strong>successibus</strong></span> <span class='ocrx_word' id='word_1_119' title='bbox 1019 2316 1104 2368; x_wconf 76' lang='lat' dir='ltr'><strong>artes</strong></span> 
     </span>
    </p>
   </div>
   <div class='ocr_carea' id='block_1_3' title="bbox 388 2391 1078 2495">
    <p class='ocr_par' dir='ltr' id='par_1_10' title="bbox 388 2391 1078 2495">
     <span class='ocr_line' id='line_1_19' title="bbox 388 2391 1078 2495; baseline 0 -21"><span class='ocrx_word' id='word_1_120' title='bbox 388 2391 463 2474; x_wconf 80' lang='lat' dir='ltr'><strong>Non</strong></span> <span class='ocrx_word' id='word_1_121' title='bbox 472 2421 624 2495; x_wconf 84' lang='lat' dir='ltr'><strong>prosunt:</strong></span> <span class='ocrx_word' id='word_1_122' title='bbox 641 2410 733 2474; x_wconf 86' lang='lat' dir='ltr'><strong>aliud</strong></span> <span class='ocrx_word' id='word_1_123' title='bbox 746 2414 878 2476; x_wconf 79' lang='lat' dir='ltr'><strong>consule</strong></span> <span class='ocrx_word' id='word_1_124' title='bbox 894 2411 1078 2476; x_wconf 75' lang='lat' dir='ltr'><strong>eonsilium.</strong></span> 
     </span>
    </p>
   </div>
   <div class='ocr_carea' id='block_1_4' title="bbox 348 2515 1092 2698">
    <p class='ocr_par' dir='ltr' id='par_1_11' title="bbox 348 2515 1092 2698">
     <span class='ocr_line' id='line_1_20' title="bbox 348 2515 1092 2599; baseline 0.011 -22"><span class='ocrx_word' id='word_1_125' title='bbox 348 2515 501 2579; x_wconf 81' lang='lat' dir='ltr'><strong>Crinibus</strong></span> <span class='ocrx_word' id='word_1_126' title='bbox 517 2518 631 2580; x_wconf 86' lang='lat' dir='ltr'><strong>orbata</strong></span> <span class='ocrx_word' id='word_1_127' title='bbox 645 2517 727 2580; x_wconf 78' lang='lat' dir='ltr'><strong>furia</strong></span> <span class='ocrx_word' id='word_1_128' title='bbox 741 2517 833 2580; x_wconf 80' lang='lat' dir='ltr'><strong>frons</strong></span> <span class='ocrx_word' id='word_1_129' title='bbox 847 2521 936 2580; x_wconf 88' lang='lat' dir='ltr'><strong>nuda</strong></span> <span class='ocrx_word' id='word_1_130' title='bbox 950 2517 1092 2599; x_wconf 82' lang='lat' dir='ltr'><strong>nitebat,</strong></span> 
     </span>
     <span class='ocr_line' id='line_1_21' title="bbox 386 2617 1088 2698; baseline 0.007 -20"><span class='ocrx_word' id='word_1_131' title='bbox 386 2617 545 2698; x_wconf 78' lang='lat' dir='ltr'><strong>Istiusque</strong></span> <span class='ocrx_word' id='word_1_132' title='bbox 560 2617 624 2681; x_wconf 87' lang='lat' dir='ltr'><strong>viri</strong></span> <span class='ocrx_word' id='word_1_133' title='bbox 640 2620 731 2682; x_wconf 84' lang='lat' dir='ltr'><strong>frons</strong></span> <span class='ocrx_word' id='word_1_134' title='bbox 748 2629 858 2682; x_wconf 87' lang='lat' dir='ltr'><strong>manet</strong></span> <span class='ocrx_word' id='word_1_135' title='bbox 873 2619 961 2682; x_wconf 88' lang='lat' dir='ltr'><strong>hirta</strong></span> <span class='ocrx_word' id='word_1_136' title='bbox 977 2619 1088 2682; x_wconf 75' lang='lat' dir='ltr'><strong>comis.</strong></span> 
     </span>
    </p>
   </div>
   <div class='ocr_carea' id='block_1_5' title="bbox 343 2719 1207 3016">
    <p class='ocr_par' dir='ltr' id='par_1_12' title="bbox 343 2719 1207 3016">
     <span class='ocr_line' id='line_1_22' title="bbox 344 2719 1181 2813; baseline 0.008 -29"><span class='ocrx_word' id='word_1_137' title='bbox 344 2722 500 2786; x_wconf 84' lang='lat' dir='ltr'><strong>Pallentis</strong></span> <span class='ocrx_word' id='word_1_138' title='bbox 512 2735 609 2805; x_wconf 87' lang='lat' dir='ltr'><strong>caput</strong></span> <span class='ocrx_word' id='word_1_139' title='bbox 622 2724 680 2786; x_wconf 89' lang='lat' dir='ltr'><strong>illa</strong></span> <span class='ocrx_word' id='word_1_140' title='bbox 691 2725 795 2808; x_wconf 54' lang='lat' dir='ltr'><strong>capim</strong></span> <span class='ocrx_word' id='word_1_141' title='bbox 810 2719 1016 2808; x_wconf 74' lang='lat' dir='ltr'><strong>frontemque</strong></span> <span class='ocrx_word' id='word_1_142' title='bbox 1030 2725 1181 2813; x_wconf 76' lang='lat' dir='ltr'><strong>sigillans</strong></span> 
     </span>
     <span class='ocr_line' id='line_1_23' title="bbox 384 2825 1047 2912; baseline 0.003 -24"><span class='ocrx_word' id='word_1_143' title='bbox 384 2825 538 2909; x_wconf 83' lang='lat' dir='ltr'><strong>Calvitie,</strong></span> <span class='ocrx_word' id='word_1_144' title='bbox 554 2827 706 2892; x_wconf 80' lang='lat' dir='ltr'><strong>manibus</strong></span> <span class='ocrx_word' id='word_1_145' title='bbox 721 2828 813 2892; x_wconf 80' lang='lat' dir='ltr'><strong>vellit</strong></span> <span class='ocrx_word' id='word_1_146' title='bbox 829 2839 862 2891; x_wconf 86' lang='lat' dir='ltr'><strong>et</strong></span> <span class='ocrx_word' id='word_1_147' title='bbox 878 2848 935 2892; x_wconf 88' lang='lat' dir='ltr'><strong>ore</strong></span> <span class='ocrx_word' id='word_1_148' title='bbox 950 2828 1047 2912; x_wconf 82' lang='lat' dir='ltr'><strong>pilos.</strong></span> 
     </span>
     <span class='ocr_line' id='line_1_24' title="bbox 343 2929 1207 3016; baseline 0.003 -21"><span class='ocrx_word' id='word_1_149' title='bbox 343 2929 431 2996; x_wconf 84' lang='lat' dir='ltr'><strong>Huic</strong></span> <span class='ocrx_word' id='word_1_150' title='bbox 442 2931 560 2998; x_wconf 86' lang='lat' dir='ltr'><strong>merito</strong></span> <span class='ocrx_word' id='word_1_151' title='bbox 568 2935 751 2998; x_wconf 77' lang='lat' dir='ltr'><strong>succumbit</strong></span> <span class='ocrx_word' id='word_1_152' title='bbox 763 2937 882 3016; x_wconf 81' lang='lat' dir='ltr'><strong>Eques3</strong></span> <span class='ocrx_word' id='word_1_153' title='bbox 899 2935 1081 2998; x_wconf 77' lang='lat' dir='ltr'><strong>succumbit</strong></span> <span class='ocrx_word' id='word_1_154' title='bbox 1093 2935 1207 2998; x_wconf 89' lang='lat' dir='ltr'><strong>amori</strong></span> 
     </span>
    </p>
   </div>
   <div class='ocr_carea' id='block_1_6' title="bbox 342 3035 1137 3228">
    <p class='ocr_par' dir='ltr' id='par_1_13' title="bbox 342 3035 1137 3228">
     <span class='ocr_line' id='line_1_25' title="bbox 382 3035 1137 3127; baseline 0.008 -29"><span class='ocrx_word' id='word_1_155' title='bbox 382 3038 443 3099; x_wconf 89' lang='lat' dir='ltr'>Illa</span> <span class='ocrx_word' id='word_1_156' title='bbox 454 3058 558 3104; x_wconf 75' lang='lat' dir='ltr'>novor</span> <span class='ocrx_word' id='word_1_157' title='bbox 578 3035 663 3127; x_wconf 73' lang='lat' dir='ltr'><strong>ligat</strong></span> <span class='ocrx_word' id='word_1_158' title='bbox 674 3043 739 3104; x_wconf 88' lang='lat' dir='ltr'><strong>hoc</strong></span> <span class='ocrx_word' id='word_1_159' title='bbox 756 3040 869 3106; x_wconf 85' lang='lat' dir='ltr'><strong>firmus</strong></span> <span class='ocrx_word' id='word_1_160' title='bbox 889 3063 1000 3107; x_wconf 87' lang='lat' dir='ltr'><strong>amore</strong></span> <span class='ocrx_word' id='word_1_161' title='bbox 1014 3044 1137 3108; x_wconf 82' lang='lat' dir='ltr'><strong>thorus.</strong></span> 
     </span>
     <span class='ocr_line' id='line_1_26' title="bbox 342 3138 1133 3228; baseline 0.011 -29"><span class='ocrx_word' id='word_1_162' title='bbox 342 3138 412 3200; x_wconf 85' lang='lat' dir='ltr'><strong>lam</strong></span> <span class='ocrx_word' id='word_1_163' title='bbox 423 3141 525 3204; x_wconf 85' lang='lat' dir='ltr'><strong>veteri</strong></span> <span class='ocrx_word' id='word_1_164' title='bbox 535 3163 641 3206; x_wconf 81' lang='lat' dir='ltr'><strong>novus</strong></span> <span class='ocrx_word' id='word_1_165' title='bbox 654 3144 813 3208; x_wconf 82' lang='lat' dir='ltr'><strong>exstincto</strong></span> <span class='ocrx_word' id='word_1_166' title='bbox 824 3145 1007 3228; x_wconf 81' lang='lat' dir='ltr'><strong>praefertur</strong></span> <span class='ocrx_word' id='word_1_167' title='bbox 1016 3143 1133 3208; x_wconf 89' lang='lat' dir='ltr'><strong>amori.</strong></span> 
     </span>
    </p>
   </div>
   <div class='ocr_carea' id='block_1_7' title="bbox 382 3243 1030 3316">
    <p class='ocr_par' dir='ltr' id='par_1_14' title="bbox 382 3243 1030 3316">
     <span class='ocr_line' id='line_1_27' title="bbox 382 3243 1030 3316; baseline 0.005 -3"><span class='ocrx_word' id='word_1_168' title='bbox 382 3243 464 3314; x_wconf 76' lang='lat' dir='ltr'><strong>vira</strong></span> <span class='ocrx_word' id='word_1_169' title='bbox 477 3249 561 3312; x_wconf 85' lang='lat' dir='ltr'><strong>nihil</strong></span> <span class='ocrx_word' id='word_1_170' title='bbox 580 3247 639 3312; x_wconf 89' lang='lat' dir='ltr'><strong>fidi</strong></span> <span class='ocrx_word' id='word_1_171' title='bbox 651 3249 774 3314; x_wconf 80' lang='lat' dir='ltr'><strong>femina</strong></span> <span class='ocrx_word' id='word_1_172' title='bbox 789 3253 910 3316; x_wconf 81' lang='lat' dir='ltr'><strong>amoris</strong></span> <span class='ocrx_word' id='word_1_173' title='bbox 922 3255 1030 3316; x_wconf 87' lang='lat' dir='ltr'><strong>habet.</strong></span> 
     </span>
    </p>
   </div>
   <div class='ocr_carea' id='block_1_8' title="bbox 474 3405 1181 3642">
    <p class='ocr_par' dir='ltr' id='par_1_15' title="bbox 474 3405 1181 3642">
     <span class='ocr_line' id='line_1_28' title="bbox 558 3405 1181 3502; baseline 0.011 -13"><span class='ocrx_word' id='word_1_174' title='bbox 558 3405 1075 3502; x_wconf 68' lang='lat' dir='ltr'><strong>rueuta‘xurx,</strong></span> <span class='ocrx_word' id='word_1_175' title='bbox 1179 3493 1181 3496; x_wconf 82' lang='grc'><strong>,</strong></span> 
     </span>
     <span class='ocr_line' id='line_1_29' title="bbox 474 3578 1101 3642; baseline 0.01 -8"><span class='ocrx_word' id='word_1_176' title='bbox 474 3623 480 3634; x_wconf 71' lang='lat'><em>,</em></span> <span class='ocrx_word' id='word_1_177' title='bbox 525 3578 585 3632; x_wconf 84' lang='lat' dir='ltr'><strong>DE</strong></span> <span class='ocrx_word' id='word_1_178' title='bbox 613 3579 798 3638; x_wconf 75' lang='lat' dir='ltr'>THMDE</span> <span class='ocrx_word' id='word_1_179' title='bbox 824 3589 879 3638; x_wconf 80' lang='lat' dir='ltr'><strong>ET</strong></span> <span class='ocrx_word' id='word_1_180' title='bbox 906 3588 1101 3642; x_wconf 80' lang='lat' dir='ltr'><strong>IUVENE.</strong></span> 
     </span>
    </p>
   </div>
   <div class='ocr_carea' id='block_1_9' title="bbox 341 3691 1160 3934">
    <p class='ocr_par' dir='ltr' id='par_1_16' title="bbox 341 3691 1160 3934">
     <span class='ocr_line' id='line_1_30' title="bbox 341 3691 1160 3835; baseline 0.015 -29"><span class='ocrx_word' id='word_1_181' title='bbox 341 3691 455 3806; x_wconf 76' lang='lat' dir='ltr'><strong>Auru</strong></span> <span class='ocrx_word' id='word_1_182' title='bbox 465 3764 524 3809; x_wconf 87' lang='lat' dir='ltr'><strong>sua</strong></span> <span class='ocrx_word' id='word_1_183' title='bbox 534 3748 634 3814; x_wconf 77' lang='lat' dir='ltr'><strong>&#39;I&#39;hais</strong></span> <span class='ocrx_word' id='word_1_184' title='bbox 650 3743 784 3816; x_wconf 81' lang='lat' dir='ltr'><strong>iuvenes</strong></span> <span class='ocrx_word' id='word_1_185' title='bbox 797 3752 918 3835; x_wconf 83' lang='lat' dir='ltr'><strong>irretit,</strong></span> <span class='ocrx_word' id='word_1_186' title='bbox 934 3775 1081 3818; x_wconf 87' lang='lat' dir='ltr'><strong>amorem</strong></span> <span class='ocrx_word' id='word_1_187' title='bbox 1153 3753 1160 3767; x_wconf 78' lang='lat'><strong><em>‘</em></strong></span> 
     </span>
     <span class='ocr_line' id='line_1_31' title="bbox 377 3845 1071 3934; baseline 0.016 -20"><span class='ocrx_word' id='word_1_188' title='bbox 377 3845 501 3934; x_wconf 76' lang='lat' dir='ltr'><strong>Fingit,</strong></span> <span class='ocrx_word' id='word_1_189' title='bbox 515 3862 546 3914; x_wconf 87' lang='lat' dir='ltr'><strong>et</strong></span> <span class='ocrx_word' id='word_1_190' title='bbox 557 3871 597 3918; x_wconf 83' lang='lat' dir='ltr'><strong>ex</strong></span> <span class='ocrx_word' id='word_1_191' title='bbox 607 3853 686 3920; x_wconf 87' lang='lat' dir='ltr'><strong>ficto</strong></span> <span class='ocrx_word' id='word_1_192' title='bbox 700 3857 825 3922; x_wconf 80' lang='lat' dir='ltr'><strong>fructus</strong></span> <span class='ocrx_word' id='word_1_193' title='bbox 841 3877 954 3928; x_wconf 86' lang='lat' dir='ltr'><strong>amore</strong></span> <span class='ocrx_word' id='word_1_194' title='bbox 973 3861 1071 3927; x_wconf 78' lang='lat' dir='ltr'><strong>venit.</strong></span> 
     </span>
    </p>
   </div>
   <div class='ocr_carea' id='block_1_10' title="bbox 1360 1905 1363 1947">
    <p class='ocr_par' dir='ltr' id='par_1_17' title="bbox 1360 1905 1363 1947">
     <span class='ocr_line' id='line_1_32' title="bbox 1360 1905 1363 1947; baseline 0 0"><span class='ocrx_word' id='word_1_195' title='bbox 1360 1905 1363 1947; x_wconf 71' lang='lat' dir='ltr'><strong>t</strong></span> 
     </span>
    </p>
   </div>
   <div class='ocr_carea' id='block_1_11' title="bbox 0 0 1380 4782">
    <p class='ocr_par' dir='ltr' id='par_1_18' title="bbox 0 0 1380 4782">
     <span class='ocr_line' id='line_1_33' title="bbox 0 0 1380 4782; baseline 0 6"><span class='ocrx_word' id='word_1_196' title='bbox 0 0 1380 4782; x_wconf 95' lang='lat' dir='ltr'><strong> </strong></span> 
     </span>
    </p>
   </div>
  </div>
 </body>
</html>
