2916 4790
96 858 110 892 ἱ

502 445 823 548 menum.

444 717 473 790 F
499 718 531 788 A
556 717 584 790 B
608 719 697 792 UL
720 721 753 792 A
800 722 875 845 Vb

451 881 612 934 Muses
640 880 697 932 ur
724 882 869 936 nunu.

183 976 329 1090 Musca
340 1023 377 1088 in
387 1031 517 1090 temone
525 1023 665 1105 sedit,et
674 1022 798 1086 Mulam
808 995 1000 1110 increpans,

180 1131 290 1211 Quam
305 1132 396 1192 tarda
406 1151 440 1192 es
452 1135 459 1189 l
471 1128 595 1210 inquit:
613 1149 680 1192 non
694 1130 743 1196 vis
758 1131 852 1196 citius
863 1132 1039 1222 progredi?

181 1232 282 1312 Vide,
301 1256 343 1295 ne
360 1235 481 1297 dolone
492 1235 613 1296 collum
629 1254 849 1322 compungam
867 1237 935 1300 tibi.

116 1369 117 1372 =
180 1337 364 1418 Respondit
375 1337 449 1400 illa:
471 1337 588 1402 Verbis
605 1358 673 1401 non
688 1359 823 1402 moveor
835 1341 915 1421 tuis;

181 1441 245 1502 Sed
256 1441 353 1503 istum
370 1442 486 1526 timeo,
502 1445 586 1530 sella·
597 1444 654 1524 qui
674 1444 781 1527 prima
801 1449 917 1516 sedens
1115 1453 1133 1516 6

177 1544 299 1630 'Iugum
317 1548 446 1633 flagello
464 1559 624 1632 temperat
638 1551 727 1613 lento
739 1573 868 1636 meum,

180 1649 221 1710 Et
231 1669 288 1711 ora
303 1651 403 1714 frenis
421 1653 567 1716 continet
583 1655 820 1736 spumantibus.

71 1763 77 1776 ¹
180 1759 388 1842 Quapropter
401 1761 493 1824 aufer
508 1758 663 1822 frivolam
677 1760 902 1828 insolentiam:

179 1863 343 1944 Namque,
360 1863 417 1924 ubi
432 1864 633 1948 tricandum,
646 1876 677 1928 et
691 1865 747 1929 ubi
758 1869 954 1932 currendum
962 1867 1017 1953 sit,
1028 1869 1107 1936 soi0.

219 1971 292 2030 Hac
303 1969 445 2032 derideri
458 1971 570 2032 fabula
580 1971 698 2034 merito
712 1982 834 2055 potest,
915 1965 925 1990 ⁸
1093 1995 1134 2038 so

181 2068 248 2152 Qui
260 2070 330 2134 siue
348 2071 470 2135 virtute
484 2091 584 2137 vanas
602 2083 730 2140 exercet
742 2073 858 2138 minas.

338 2219 342 2226 ’
425 2239 561 2325 rau
590 2253 734 2325 uua
782 2253 883 2326 vu.

443 2407 588 2460 caure
614 2409 670 2460 nr
697 2411 866 2462 nurus.
923 2391 932 2422 ‘

125 2631 126 2636 ἵ
182 2504 316 2644 Quin
333 2546 439 2634 dulcis
455 2547 496 2610 sit
514 2549 663 2632 libertas,
676 2550 819 2615 breviter
832 2553 1041 2632 proloquan'
1159 2605 1162 2611 .

122 2657 124 2661 ’
221 2657 304 2720 Cani
316 2663 469 2738 perpasto
481 2656 584 2718 macie
601 2657 765 2721 confectus
773 2659 884 2739 Lupus
1067 2649 1069 2654 ’

178 2765 277 2823 Forte
288 2760 444 2823 occurrit:
463 2761 638 2822 salutantes
656 2760 734 2822 dein
751 2759 895 2824 invioem

179 2869 223 2931 Ut
234 2868 438 2932 restiterunt:
457 2868 553 2928 Unde
567 2864 630 2947 sie,
646 2883 783 2946 quaeso,
795 2864 901 2928 nites?
999 2909 1001 2912 -

175 2976 324 3052 Autquo
340 2970 414 3040 cibo
433 2969 537 3033 fecisti
554 2978 681 3032 tantum
701 2970 870 3051 corporis?
971 3023 978 3034 .

88 3148 94 3160 ,
177 3077 265 3160 Fgo,
282 3072 340 3154 qui
356 3091 428 3135 sum
444 3071 544 3156 longe
559 3071 696 3151 fortior,
714 3089 813 3152 pereo
828 3069 924 3132 fame.

177 3176 277 3240 Canis
290 3174 499 3257 simpliciters
514 3175 636 3248 Eadem
650 3183 697 3238 est
708 3172 852 3234 conditio
864 3172 941 3256 tibi,
996 3190 999 3198 ’

178 3261 345 3344 Praestare
361 3267 498 3342 domino
513 3279 541 3343 si
555 3298 615 3361 par
628 3275 773 3342 officium
788 3289 890 3360 potes.
905 3313 908 3318 ,

179 3377 300 3466 Quod?
312 3381 419 3462 inquit
429 3379 496 3443 ille.
509 3381 623 3465 Custos
638 3390 674 3442 ut
691 3377 733 3440 sis
748 3377 892 3460 liminis,
1119 3455 1121 3458 Ι

178 3483 347 3549 Muribus
363 3482 502 3564 tuearis,
516 3493 549 3545 et
561 3484 838 3565 noctu,domum.
1093 3500 1134 3546 ιο

179 3579 249 3674 Ego
263 3597 428 3651 verosutn
444 3597 591 3670 paratus:
606 3609 696 3650 nune
712 3585 822 3671 patior
838 3584 931 3649 nives

179 3692 387 3770 Imbresque,
404 3691 441 3751 iu
455 3690 545 3753 silvis
558 3709 705 3772 asperam
720 3689 821 3755 vitam
840 3690 980 3750 trahens.

179 3793 311 3873 Quanto
329 3799 375 3856 est
384 3790 512 3853 facilius
525 3791 625 3872 mihi,
642 3795 703 3860 sub
720 3801 803 3856 tecto
821 3789 950 3868 vivere,

178 3893 218 3952 Et
233 3888 375 3954 otiosum
389 3893 483 3978 largo
501 3890 612 3958 satiari
632 3893 726 3964 cibo?
