2848 4792
327 449 382 509 soti
533 435 1060 503 FLAVIIAVIANI

322 591 385 654 Sed
398 594 569 669 postquam
579 599 712 664 superas
722 590 851 662 captum
861 567 1012 660 perduxit
1025 582 1068 641 ad
1079 555 1208 666 auras,¹

361 696 466 774 Atque
479 691 577 754 avido
589 687 691 750 fixum
704 690 821 748 vulnus
836 689 879 748 ab
893 707 949 748 ore
967 688 1056 750 tulits

323 807 436 884 Parce,
451 823 583 884 precor,
597 802 735 882 supplex
747 798 942 861 lacrimisita
955 799 1036 860 dixit
1050 801 1195 880 obortis3
1270 804 1295 867 ῠ

362 917 444 976 Nam
456 927 576 993 quanta
588 919 633 974 'ex
648 922 758 973 nostro
773 929 909 991 corpore
923 911 1012 972 lucra
1029 912 1135 972 feres?

323 1021 418 1080 Nunc
431 1039 484 1080 mc
495 1015 616 1080 saxosis
626 1016 768 1100 genitrix
783 1015 945 1077 foecunda
957 1017 1018 1076 sub
1032 1014 1132 1078 antris

362 1123 475 1205 Fudit,
495 1135 524 1184 et
537 1122 727 1204 inpropriis
743 1123 857 1214 ludere
869 1119 958 1182 iussit
975 1119 1075 1200 aquis.

323 1234 417 1295 Tolle
428 1232 550 1311 minas,
566 1241 778 1310 tenerumque
791 1230 852 1292 tuis
867 1229 937 1292 sine
950 1249 1091 1308 crescere
1104 1228 1246 1311 mensis,

362 1340 452 1399 Haec
468 1336 527 1399 tibi
538 1357 591 1398 me
604 1357 733 1398 rursum
750 1334 855 1398 litoris
871 1354 929 1396 ora
942 1336 1048 1397 dabits
1239 1355 1286 1399 ιο

164 1465 169 1472 ’
323 1447 474 1510 Protinus
485 1447 529 1507 im
535 1445 638 1508 mensi
652 1447 802 1527 depastus
815 1447 944 1507 caerula
962 1446 1070 1528 ponti,

185 1609 188 1618 .
271 1625 274 1628 ,
362 1552 521 1636 Pinguior
535 1553 578 1610 ad
591 1554 754 1612 calamum
767 1563 882 1633 sponte
898 1571 1029 1611 recurro
1051 1561 1155 1613 tuum.

322 1661 382 1722 llle
398 1660 487 1721 nefas
503 1668 634 1741 captum
651 1658 793 1719 referens
808 1660 974 1720 absolvere
992 1657 1134 1739 piscem,

361 1759 515 1823 Difficiles
530 1759 679 1840 queritur
694 1759 821 1824 casibus
834 1772 902 1822 esse
919 1759 1013 1822 vices.

325 1875 409 1935 Nam
419 1870 575 1934 miserum
584 1881 646 1952 cst,
657 1868 781 1950 inquit,
793 1881 995 1952 praesentem
1002 1870 1149 1934 amittere
1157 1891 1258 1953 prae·-

846 1965 943 2059 dam,
1237 1978 1275 2040 15

362 2088 497 2152 Stultius
510 2098 542 2151 et
559 2107 689 2150 rursum
706 2091 782 2147 vota
796 2085 905 2168 lutura
920 2086 1022 2167 sequi.

323 2193 450 2283 incerta
469 2214 530 2275 pro
544 2215 602 2277 spe
620 2214 687 2256 non
705 2213 842 2255 munera
860 2207 947 2266 certa
960 2195 1125 2279 relinque,

264 2385 272 2390 ι
364 2292 538 2365 Ne'rursus
550 2321 687 2382 quaeras
704 2303 806 2385 forte,
823 2299 883 2364 n¹ec
898 2301 1057 2366 invenias.

560 2501 863 2575 FABULA
912 2503 1033 2575 XXI.

376 2639 380 2650 '
446 2758 449 2764 1
561 2675 803 2730 rusrrcus
829 2674 887 2730 rr
914 2635 1074 2732 rurs(

324 2797 498 2908 pervum
511 2835 701 2921 progeniem
713 2843 817 2898 terrae
827 2827 1037 2899 mandaverat
1049 2837 1141 2921 Ales,

364 2947 438 3028 Qua
454 2945 557 3005 stabat
573 2939 672 3022 viridi
691 2941 810 3026 cespite
826 2945 909 3006 flava
924 2965 1024 3031 seges.
1202 3021 1211 3039 ,

323 3052 474 3116 Rusticus
485 3056 571 3116 hanc
584 3050 695 3145 fragili
708 3049 843 3133 cupiens
859 3055 1034 3136 decerpere
1050 3054 1177 3134 culmo,

362 3153 514 3226 Vicinam
520 3163 664 3246 ¹supplex
680 3163 763 3224 forte
776 3164 907 3244 petebat
925 3183 1033 3245 opem.

322 3272 387 3334 Sed
398 3291 462 3334 vox
472 3271 648 3355 implumes
664 3271 809 3334 turbavit
819 3273 951 3335 credula
968 3272 1084 3353 nidos,
1257 3272 1276 3334 5

363 3379 512 3440 suaserat
522 3391 555 3441 et
565 3381 689 3443 laribus
703 3381 895 3444 continuare
907 3382 1030 3466 fugam.

325 3486 459 3550 (lautior
469 3488 529 3550 hos
546 3503 694 3549 remeans
709 3489 862 3569 prohibet
879 3489 1043 3552 discedere
1053 3497 1172 3552 mater:

364 3600 464 3677 Nam,
481 3597 561 3677 quid
575 3597 617 3659 ab
634 3591 775 3661 externis
790 3597 1003 3680 proicietur?
1017 3599 1071 3660 ait.

325 3704 385 3770 Ille
396 3704 513 3768 iterum
532 3706 614 3770 caris
626 3727 760 3789 operam
776 3689 944 3770 dandavit
957 3705 1085 3770 amicis:

251 3798 254 3806 ’
366 3816 406 3876 At
419 3811 560 3900 genitrix
576 3835 707 3902 rursum
722 3815 823 3878 tutior
840 3797 917 3879 iude
929 3825 1047 3878 manet.
1238 3835 1278 3877 ro
