2848 4792
210 441 519 506 FABULARUM
546 441 877 507 AESOPIARUM.
1022 449 1060 558 dp

304 625 862 780 rnuuunxxxn

359 858 552 911 nonno-s
578 858 641 960 pr,
660 833 821 912 iuius.

107 969 298 1089 Circuit,
310 1009 413 1071 sctum
426 1017 462 1069 ut
474 1006 665 1085 custodiret,
680 1006 790 1070 exiens

105 1121 253 1197 Passum,
270 1117 511 1198 imprudentem
524 1113 653 1176 monuit
668 1111 837 1192 Heredum,
849 1135 890 1178 ne
903 1113 1022 1178 ostium

106 1221 272 1303 Aper-iret,
287 1209 406 1283 multas
422 1222 511 1301 quod
527 1218 623 1280 sciret
636 1221 762 1280 stabula
776 1219 861 1285 feras

107 1325 256 1390 Circuire
271 1345 438 1408 pecorum.
452 1327 495 1385 Ut
506 1322 602 1400 abiit,
617 1322 748 1384 advenit
765 1326 894 1404 Lupus,
978 1347 982 1358 ¹

104 1432 315 1495 Adsimulans
330 1451 444 1494 vocem
460 1429 588 1508 matris,
608 1440 640 1490 et
652 1429 743 1490 iubet
763 1429 849 1490 fores
872 1439 876 1453 ’
948 1500 952 1512 ⁸

106 1538 179 1602 Sibi
190 1533 335 1602 reserari.
355 1542 398 1600 Ut
409 1540 543 1601 Hoedus
556 1536 699 1618 audivit,
712 1538 804 1619 Lupo
896 1597 900 1606 ,

105 1648 171 1707 Per
187 1644 305 1706 rimam
319 1655 467 1727 spectans
477 1645 598 1725 inquit,
611 1645 721 1708 Audio.
730 1665 848 1707 sonum

103 1748 307 1827 Matris,sed
321 1750 421 1812 fallax
434 1761 532 1831 atque
548 1751 700 1814 inimicus
712 1773 746 1814 es
763 1750 864 1827 mihi3

101 1835 176 1916 'Sub
187 1873 267 1916 voce
277 1855 390 1916 matris
400 1864 547 1916 nostrum
561 1856 690 1933 quaeris
706 1857 901 1940 sanguinem

106 1961 241 2038 Potare,
256 1967 290 2028 et
304 1966 414 2020 nostra
427 1977 524 2020 carne
537 1958 657 2023 satiari.
670 1959 762 2022 Vale.

149 2063 234 2126 Laus
245 2083 364 2149 magna
381 2062 484 2146 natis,
502 2061 638 2143 obsequi
651 2060 852 2145 parentibus.

288 2260 953 2377 nnuuunxxxnn·

326 2435 516 2522 rtur-nn
543 2438 600 2490 ur
628 2398 849 2492 suarius.

108 2537 265 2651 Scaurus
282 2583 317 2646 in
330 2587 466 2651 aedibus
478 2585 646 2651 cuiusdam
657 2587 811 2674 Pauperis

109 2681 234 2754 Venire
243 2711 370 2772 semper
381 2694 423 2754 ad
437 2715 583 2756 mensam
596 2705 821 2780 consueverat,
913 2767 915 2772 ¹
931 2715 933 2721 ·

108 2798 149 2858 Et
160 2797 239 2860 inde
252 2797 344 2861 micis
359 2803 552 2880 pascebatur
565 2798 709 2887 largiter.

107 2897 208 2960 Dives
224 2909 297 2980 post
314 2901 415 2980 paulo
430 2901 549 2990 factus,
564 2905 660 2967 irasci
676 2905 793 2988 incipit

108 2997 274 3081 Serpenti,
287 3009 319 3061 et
335 3002 634 3068 vulneratsecure:
653 3013 798 3088 tempore

107 3103 161 3166 Ad
172 3101 343 3183 pristinam
358 3103 553 3188 interposito
565 3117 738 3194 egestatem
753 3107 864 3196 radit..

14 3237 19 3250 ι
109 3206 175 3266 Pro
186 3215 271 3268 sorte
286 3206 377 3269 varia
390 3209 549 3293 serpentis
567 3222 738 3292 postquam
755 3210 844 3272 videt

110 3307 286 3371 Fortunam
299 3311 423 3383 mutari
440 3334 552 3392 suam,
570 3316 691 3376 blande
704 3314 806 3396 petit,
848 3365 850 3368 .

110 3409 260 3494 Ignoscat
276 3423 313 3475 ut
329 3418 504 3497 peccantia
515 3417 569 3481 cui
583 3419 722 3498 Serpens
735 3416 798 3494 ait,

111 3513 159 3572 Te
169 3514 346 3593 poenitebit
356 3517 502 3598 sceleris,
514 3537 617 3600 usque
634 3520 714 3579 dum
728 3537 801 3580 urea

112 3613 253 3677 Cicatrix
267 3619 376 3680 clausa
390 3619 502 3696 fuerit3
523 3632 556 3684 at
571 3635 678 3684 tamen
697 3621 822 3702 optima

111 3714 190 3776 Fide
204 3737 256 3778 me
273 3721 406 3797 posthac
422 3719 493 3782 noli
504 3722 647 3783 amicum
665 3721 807 3781 credere.
836 3729 838 3734 ’

112 3817 234 3882 Redire
249 3828 358 3883 tamen
369 3821 431 3882 hac
448 3823 522 3906 lege
537 3821 829 3909 ingratiumv010‚
