2916 4790
511 417 813 481 LIBERII.
1099 418 1138 488 25

183 558 319 623 Accedit
333 559 375 619 ad
393 575 569 640 praesepe:
591 559 658 618 Cur
672 556 799 625 frondis
816 577 934 640 parum
952 555 1031 622 esti'

183 665 522 731 Stramenta-desunt?
541 665 672 726 Tollere
691 667 773 726 haec
789 684 909 729 aranea
948 703 955 719 .

183 771 353 853 Quantum
364 777 409 828 est
419 763 563 827 laboris?
583 767 672 826 Dum
686 777 848 829 scrutatur
864 766 1010 853 singula,

184 875 282 938 Cervi
292 893 422 955 quoque
434 873 499 934 alta
514 870 720 953 conspicatur
733 891 866 935 cornua.
1097 878 1135 940 26

183 961 290 1057 Quem
311 973 488 1034 convocati
498 969 590 1032 iubet
604 969 710 1032 occidi
727 971 869 1054 familia,

159 1088 162 1096 '
181 1078 406 1156 Praedamque
425 1074 520 1136 tollit.
528 1077 624 1164 llaec
638 1074 801 1160 significat
814 1078 944 1162 fabula,

182 1178 364 1249 Dominum
375 1179 486 1243 videre
504 1177 686 1264 plurimum
698 1181 734 1242 in
749 1185 846 1246 relius
859 1183 936 1246 suis.

449 1379 869 1460 E'P1LOGUS.

181 1521 331 1632 Ansorr
342 1569 476 1658 ingenio
487 1580 627 1636 statuam
638 1591 777 1653 posuere
789 1573 907 1658 Attici,

179 1677 381 1757 Servumque
395 1678 598 1740 collocarunt
616 1688 748 1740 aeterua
764 1676 800 1740 in
816 1677 905 1762 basi,

179 1779 295 1840 Patere
305 1782 440 1844 honoris
455 1781 578 1845 scirent
592 1792 628 1843 ut
648 1783 772 1850 cunctis
790 1782 893 1867 viam,

179 1886 209 1944 N
212 1905 248 1944 ec
262 1885 375 1970 generi
387 1886 501 1966 tribui,
513 1889 571 1950 sed
584 1887 714 1970 virtuti,
730 1889 880 1974 gloriam.

180 1989 347 2072 Quoniam
364 2000 541 2073 occuparat
556 1993 653 2074 alter,
666 2017 709 2058 ne
723 1990 851 2084 primus
871 1998 993 2082 forem,
1115 2001 1135 2066 5

167 2095 229 2186 ¹Ne
243 2088 330 2157 solus
343 2107 437 2178 esset,
453 2097 579 2173 studui3
600 2103 689 2179 quod
702 2101 872 2184 superfuit.

180 2200 293 2277 Neque
305 2201 384 2264 haec
398 2200 539 2282 invidia,
554 2225 669 2266 verum
681 2217 727 2270 est
745 2209 932 2272 aemulatio.

182 2303 308 2386 Quodsi
321 2305 429 2366 labori
446 2307 561 2369 faverit
577 2309 707 2372 Latium
726 2327 801 2392 uteo
810 2357 820 2396 ‚

181 2405 294 2466 Plures
305 2406 454 2487 habebit,
475 2428 557 2495 quos
568 2421 715 2492 opponat
730 2409 894 2477 Graeciae.
993 2473 994 2478 ,

77 2512 79 2526 “
180 2509 215 2570 Si
234 2507 318 2570 livor
333 2505 515 2574 obtrectare
535 2534 649 2576 curam
662 2516 833 2598 voluerit‚'

179 2613 254 2673 Non
272 2622 380 2674 tamen
398 2614 515 2696 eripiet
531 2617 640 2682 laudis
661 2619 903 2684 conscientiam.

179 2713 213 2778 Si
231 2725 378 2778 nostrum
392 2719 539 2782 studium
557 2725 601 2784 ad
616 2743 711 2801 aures
727 2725 876 2808 pervenit
888 2738 977 2810 tuas,

177 2822 219 2882 Et
233 2831 301 2883 arte
315 2819 405 2885 fictas
419 2824 550 2891 animus
565 2830 663 2892 sentit
676 2832 822 2913 fabulas,

178 2924 322 2987 Omnem
334 2922 501 3006 querelam
515 2934 689 2998 submovet
703 2936 851 3002 felicitas.

176 3025 238 3093 Sin
247 3043 357 3113 autern
371 3035 484 3098 doctus
494 3035 560 3100 illis
573 3042 716 3103 occurrit
728 3045 840 3128 labor,
877 3053 881 3064 '
933 3066 937 3077 ·
1094 3047 1135 3110 15

173 3135 313 3198 Sinistra
331 3157 412 3216 quos
425 3137 462 3200 in
474 3139 584 3204 lucem
602 3154 720 3208 natura
739 3149 872 3230 extulit,

179 3247 245 3308 Nec
260 3245 440 3352 quidquam
454 3261 606 3334 possunt,
622 3255 687 3318 nisi
702 3257 854 3323 meliores
872 3279 1025 3348 οπμενος

178 3351 288 3413 Fatale
303 3351 439 3416 exitium
454 3358 552 3419 corde
569 3360 685 3422 durato
702 3362 825 3447 feram,

178 3457 291 3554 Donec
305 3459 472 3543 fortunam
491 3464 640 3532 criminis
652 3472 775 3552 pudeat
791 3472 853 3538 sui.

538 3747 767 3768 m
