2848 4792
405 407 761 514 'susurru
1021 454 1078 512 11³
1155 467 1158 474 ·

102 583 276 646 Rusticus
294 586 358 647 hoo
375 582 494 649 iustam
510 586 612 646 verbo
625 586 825 667 compescuit
837 587 938 671 iram,

155 683 341 752 Affirmuns
357 689 492 750 stultum
511 707 580 750 non
598 690 750 752 habuisse
766 711 868 776 suem.
955 712 959 720 ’

106 789 209 848 Nam
221 808 279 848 our
290 791 514 852 membrorum
524 792 658 854 demens
668 792 704 853 in
713 794 832 857 demna
841 796 990 880 redisset,
1044 799 1079 862 rs

159 893 275 970 Atque
291 912 359 953 uno
372 894 490 962 totiens
508 899 615 977 p‘osset
630 899 673 960 ab
689 899 781 961 hoste
797 900 893 983 capii

108 989 218 1050 Haec
230 987 306 1051 illos
320 1002 494 1074 praecepta
511 1005 663 1077 monent,
684 997 743 1078 qui
758 999 887 1083 saepius
900 991 989 1066 ausi'

159 1099 344 1177 Nunquam
364 1097 504 1180 peccatis
523 1100 708 1164 abstinuere
723 1121 849 1177 manus,
1019 1161 1034 1192 4

343 1287 651 1398 sursunt
699 1283 867 1366 xxxr.

453 1458 550 1514 MUS
576 1465 634 1515 ET
660 1463 758 1518 Bos-
863 1515 868 1525 i

97 1590 304 1703 ,Increscit
319 1630 506 1694 ferturMus
523 1632 690 1711 quondam
706 1651 828 1714 parvus
845 1635 1002 1700 oberrans

158 1744 271 1801 Ausus
284 1739 327 1799 ab
342 1739 463 1824 exiguo
478 1739 610 1800 laedere
628 1740 726 1801 dente
743 1743 875 1801 Borem.

70 1890 73 1894 -
111 1847 251 1909 Verum
266 1841 324 1904 ubi
340 1813 489 1902 mordaci
504 1840 644 1902 confecit
662 1845 800 1904 vulnere
814 1853 940 1926 rostro,

69 1961 74 1978 ¹
161 1950 292 2007 Rursus
308 1945 345 2006 in
362 1945 526 2010 anfractus
541 1943 694 2009 conditur
708 1945 787 2008 inde
801 1966 886 2010 suos.

56 2037 58 2042 ’
115 2052 187 2114 lile
200 2049 276 2111 licet
291 2058 383 2110 vasta
398 2059 529 2112 torvum
546 2047 672 2114 cervice
688 2048 847 2130 minetur,
951 2077 954 2084 ·
1061 2056 1078 2115 t

165 2157 241 2214 Non
257 2163 366 2215 tamen
378 2154 496 2235 iratus,
510 2150 610 2235 q'uem
623 2166 727 2238 petat,
742 2155 925 2222 esse‘videt.

118 2261 222 2324 Tunc
231 2256 460 2343 indignantem
474 2259 723 2355 iustosermone
739 2262 898 2349 fatigans,

165 2360 300 2423 Distulit
315 2362 449 2427 hostiles
467 2362 649 2426 calliditate,
662 2366 783 2429 minas:

118 2471 201 2530 Non
215 2465 292 2546 quia
303 2487 423 2552 magna
436 2467 493 2528 tihi
506 2468 689 2532 tribuerunt
703 2475 850 2536 membra
863 2480 1031 2556 parentes,

167 2570 302 2637 Viribus
313 2566 466 2636 effectum
486 2553 682 2642 constituere
699 2576 772 2638 tuis.
1044 2601 1081 2640 ιο

120 2677 223 2742 Disce
236 2688 357 2759 tamen,
375 2679 531 2742 brevibus
546 2683 630 2760 quae
645 2681 687 2746 sit
700 2680 820 2746 fiducia
834 2684 1006 2767 monstris,
1121 2699 1125 2708 '

170 2777 320 2846 Utfacias
329 2827 339 2864 ,
356 2781 518 2862 quidquid
531 2785 670 2864 parvula
686 2787 780 2862 turba
795 2785 894 2868 cupit.

329 2970 635 3044 FABULA
684 2973 887 3046 xxxtt

302 3143 539 3200 RUSTICUS
566 3145 623 3196 ET
648 3143 911 3199 HERCULES.

122 3265 356 3378 Honorinum
369 3313 458 3375 luteo
470 3314 533 3375 sub
546 3313 676 3400 gurgite
692 3311 844 3376 Rusticus
856 3331 951 3378 exem

168 3418 337 3500 Liquerat,
357 3429 389 3481 et
403 3439 504 3483 nexos
516 3422 559 3482 ad
573 3419 652 3505 iuga
666 3438 765 3482 curva
782 3421 901 3498 bovest

127 3523 258 3584 Frustra
270 3521 431 3602 dispositis
448 3521 614 3586 confidens
630 3522 768 3585 numina
785 3520 869 3608 votis

169 3629 265 3690 Ferre
276 3625 340 3689 suis
354 3631 466 3710 rebus,
484 3650 558 3692 eum
574 3631 744 3710 resideret,
759 3649 866 3710 opem.

130 3733 193 3798 cui
204 3743 310 3796 reotor
324 3734 459 3797 summis
474 3736 668 3817 Tirynthius
684 3734 757 3798 infit
773 3735 814 3792 ab
830 3729 942 3814 astris,
1061 3728 1078 3794 6

169 3843 254 3904 Nam
270 3849 365 3902 vocat
377 3841 467 3903 huno
480 3845 618 3924 supplex
630 3841 665 3904 in
679 3860 738 3906 sua
750 3845 828 3900 rota
843 3837 967 3898 Deumt

213 3945 349 4000 Phaedrus.
739 3947 755 4000 8
