2916 4790
306 443 310 448 ¹
355 439 395 507 34
552 414 1106 502 Pnaannrrasuunnun
1156 393 1165 424 '

353 590 508 650 Incensus
521 581 577 642 ille
591 579 672 640 falso
687 574 798 636 uxoris
815 570 971 651 crimine,
1060 567 1063 570 ’

354 685 526 752 Simulavit
541 682 604 743 iter
619 680 661 740 ad
678 677 811 760 villam,
827 675 977 751 clamque
989 667 1026 732 in
1041 667 1165 752 oppido

330 783 332 791 ’
352 793 521 860 Subsedit:
540 790 659 852 deinde
681 796 779 848 noctu
793 781 901 846 subito
915 779 1050 840 ianuam
1127 863 1130 868 Ι
1268 794 1313 838 ao

238 972 241 978 ,
354 897 510 975 Intravit,
532 903 619 956 recta
634 887 822 954 cubiculum
842 881 952 944 uxoris
965 891 1096 962 petens,
1132 875 1136 880 ’
1222 915 1233 950 .·

353 1009 392 1068 In
407 1023 473 1085 qno
485 998 629 1064 dormire
645 1006 748 1058 mater
763 1002 876 1060 natum
890 989 1043 1067 iusserat,

255 1185 258 1190 ¹
353 1111 498 1172 Aetatem
517 1104 662 1164 adultam
678 1115 808 1160 servans
829 1090 1031 1176 diligentius.

354 1190 443 1274 Dum
460 1212 622 1288 quaerunt
640 1203 770 1278 lumen,
787 1198 867 1256 dum
885 1187 1234 1270 concursantfamilia,

354 1317 427 1376 Irae
440 1310 577 1375 furentis
595 1309 755 1388 impetum
768 1321 836 1363 non
846 1299 1020 1378 sustinens,
1268 1294 1305 1354 ab

354 1424 406 1484 Ad
418 1423 539 1482 lectum
552 1415 657 1494 vadit,
672 1419 774 1503 tentat
787 1409 823 1470 in
839 1406 979 1469 tenebris
998 1414 1105 1486 caput.

353 1525 398 1584 Ut
409 1519 505 1584 sentit
522 1528 666 1596 tonsum,
686 1512 797 1600 gladio
813 1522 925 1595 pectus
945 1508 1106 1592 transigit,

354 1623 446 1687 Nihil
463 1619 656 1702 respiciens,
669 1619 748 1678 dum
759 1617 904 1677 dolorem
920 1612 1074 1678 vindicet.

355 1727 504 1789 Lucernis
516 1724 629 1803 allata,
645 1719 744 1784 simul
760 1717 907 1802 adspexit
921 1709 1043 1795 filium,
1059 1773 1064 1786 ,

355 1838 571 1908 Sanctamque
588 1845 724 1890 uxorem
744 1823 963 1888 dormientem
983 1820 1153 1900 cubiculo,
1266 1823 1305 1880 30

354 1934 466 2016 Sopita
479 1931 594 2014 primo
603 1949 687 2008 quae
706 1927 754 1988 nil
770 1945 887 1990 somno
901 1932 1061 2011 senserat,

270 2089 274 2099 .
356 2017 623 2121 Repraesentavit
637 2033 718 2096 inse
737 2051 879 2114 poenam
901 2027 1072 2107 facinoris,
1098 2023 1104 2057 ³
1181 2007 1187 2028 ⁵

355 2142 395 2201 Et
409 2139 496 2199 ferro
515 2132 680 2213 incubuit,
700 2133 790 2210 quod
803 2129 977 2193 credulitas
991 2127 1173 2192 strinxerat.
1231 2185 1235 2194 ,

356 2246 564 2306 Accusatores
582 2237 788 2320 postularunt
805 2235 997 2314 mulierem,

320 2402 326 2414 ,
355 2349 561 2424 Romamque
574 2349 801 2422 pertraxerunt
818 2340 862 2400 ad
878 2336 1115 2401 centumviros.
1268 2335 1305 2398 35

356 2424 502 2530 Maligna
521 2445 684 2506 insontem
702 2440 857 2523 deprimit
874 2438 1035 2520 suspicio,
1195 2417 1200 2422 ’

356 2554 456 2638 Quod
469 2554 556 2615 bona
572 2550 751 2634 possideat:
768 2558 854 2612 stant
871 2545 1018 2630 patroni,
1032 2542 1158 2607 fortiter

346 2653 638 2720 ‘Causam'tuentes
662 2652 844 2716 innocentis
861 2650 1013 2714 feminae.

301 2843 302 2848 ἵ
356 2761 639 2845 ADivoAugusto
658 2769 736 2822 tunc
754 2757 876 2841 petiere
894 2754 1034 2834 iudices,

357 2867 406 2950 Ut,
420 2863 589 2924 adiuvaret
603 2859 817 2923 iurisiurandi
831 2833 949 2934 fideni,

357 2965 456 3049 Quod
472 2961 558 3042 ipsos
572 2977 664 3022 error
682 2956 895 3039 implicuisset
911 2953 1067 3018 criminis.

357 3065 424 3149 Qui
441 3073 613 3145 postquam
632 3059 781 3121 tenebras
793 3055 928 3136 dispulit
945 3049 1146 3132 calumniae,
1170 3046 1174 3054 ’

358 3174 555 3247 Certumque
570 3167 695 3228 fontem
708 3160 853 3226 veritatis
871 3159 1006 3242 reperit,

352 3278 454 3352 Luat,
472 3274 595 3354 inquit,
617 3291 738 3354 poenas
751 3285 846 3332 causa
866 3268 1002 3330 libertus
1020 3263 1115 3327 mali:
1147 3333 1150 3342 ⁸

356 3381 504 3454 Namque
523 3379 638 3466 orbam
657 3385 733 3436 nato
749 3375 848 3436 simul
864 3384 895 3436 et
914 3371 1077 3454 privatam
1095 3365 1166 3430 viro
1266 3359 1305 3438 45

356 3481 576 3546 Miserandam
587 3481 696 3560 potius
703 3525 713 3561 ,
726 3500 825 3560 quam
844 3480 1082 3562 damnandam,
1094 3473 1252 3540 existimo.

358 3590 484 3676 Quodsi
505 3590 612 3650 delata
622 3601 839 3670 perscrutatus
856 3591 996 3653 crimina

357 3694 591 3760 Paterfamilias
607 3707 703 3772 esset,
722 3696 750 3760 si
764 3669 974 3760 mendacium

295 3873 296 3880 ἵ
355 3799 523 3864 Subtiliter
537 3797 695 3884 limana,
709 3819 729 3862 a
743 3802 907 3871 radicibus
