2916 4790
334 483 374 544 32
533 476 756 541 PHAEDRI
778 473 1108 546 FABULlRUM,

332 624 418 692 Veni
430 644 509 711 ergo
521 643 660 685 mecum.
672 625 757 684 Dum
776 624 975 704 procedunt,
990 621 1129 706 adspicit
1252 617 1295 684 ιθ

332 734 445 814 Lupus
458 751 477 791 a
488 740 601 792 catena
614 729 737 790 collum
753 727 908 788 detritum
924 728 1009 788 cani.

333 840 428 904 Unde
442 839 519 916 hoc,
532 835 657 898 amice?
678 833 765 894 Nihil
781 845 838 914 est.
857 833 1082 914 Dic,quaes0,
1097 843 1216 896 tamen.
1291 913 1294 918 Ι

332 942 417 1026 Quia
431 940 545 1017 uideor
558 959 648 1016 acer,
666 935 805 1020 alligant
823 957 876 998 me
894 935 1053 1016 interdiu,

331 1049 419 1108 Luce
432 1056 469 1106 ut
481 1042 660 1124 quiescam,
673 1050 705 1102 et
717 1039 870 1124 vigilem,
882 1059 949 1101 nox
962 1023 1037 1102 cum
1053 1040 1198 1104 venerit:

332 1151 532 1233 Crepusculo
547 1147 685 1222 solutus,
701 1165 767 1224 qua
785 1145 891 1206 visum
905 1154 967 1224 est,
983 1163 1094 1231 vagor.
1181 1149 1187 1161 “
1244 1163 1285 1206 ao

331 1251 475 1318 Affertur
490 1256 577 1316 ultro
593 1251 706 1334 panis:
727 1254 769 1314 de
788 1272 900 1314 mensa
918 1272 978 1313 sua

217 1415 220 1421 s
330 1364 397 1424 Dat
414 1380 484 1424 ossa
498 1358 667 1422 dominus:
681 1361 782 1422 frusta
799 1359 897 1422 iactat
916 1357 1059 1439 familia,

330 1469 386 1544 Et,
401 1468 490 1546 quod
505 1463 627 1526 fastidit
643 1463 796 1542 quisque,
813 1460 1080 1546 pulmentarium.

330 1571 383 1634 Sic
396 1571 467 1632 sine
483 1571 595 1630 labore
610 1580 724 1630 venter
740 1568 897 1650 impletur
913 1587 1015 1631 meus.

264 1689 266 1692 '
330 1681 418 1761 Age,
431 1675 459 1737 si
470 1687 536 1753 quo
547 1673 638 1734 abire
655 1684 703 1733 est
715 1671 857 1752 animus,
876 1681 922 1733 est
935 1669 1088 1734 licentia?
1243 1670 1280 1730 25

329 1783 405 1843 Non
417 1781 514 1860 plane
530 1787 597 1858 est,
608 1775 724 1856 inquit.
740 1777 876 1855 Fruere,
888 1793 972 1854 quae
984 1775 1113 1857 laudas,
1126 1769 1239 1836 Canis:

331 1886 481 1970 Regnare
497 1882 589 1963 nolo,
608 1880 693 1944 liber
706 1888 742 1943 ut
756 1876 824 1943 non
840 1879 902 1942 sim
917 1877 1010 1941 mihi.

566 2040 871 2132 rasura
920 2040 1049 2114 v111.
1112 2095 1115 2101 .

568 2197 764 2252 FRATER
790 2198 846 2248 ET
877 2197 1042 2250 SOROR.

332 2294 709 2421 Palacnrroruonitus,
724 2359 820 2423 saepe
836 2349 866 2402 te
883 2339 1063 2404 considera.
1118 2315 1121 2327 ’

371 2447 521 2507 Habebat
532 2445 667 2525 quidam
679 2444 782 2507 filiam
799 2443 1033 2526 turpissimam,

330 2535 486 2628 Idemque
499 2549 662 2636 insignem
677 2549 814 2630 pulchra
827 2548 911 2610 facie
924 2547 1040 2611 filiurn.

330 2657 376 2718 Ili
390 2658 578 2737 speculum,
598 2655 633 2715 in
646 2651 798 2716 cathedra
809 2653 923 2716 matris
935 2665 971 2716 ut
982 2653 1123 2736 positum
1136 2653 1213 2737 fuit,

330 2757 503 2822 Pueriliter
517 2757 684 2834 ludentes,
703 2757 787 2818 forte
805 2755 1025 2836 inspexerant.
1261 2755 1279 2817 5

330 2861 394 2922 Hic
405 2880 439 2923 se
450 2861 629 2921 formosum
646 2858 760 2932 iactat,
777 2859 841 2922 illa
853 2859 1021 2942 irascitur,

329 2967 396 3028 Nec
411 2961 582 3049 gloriantis
593 2961 728 3022 sustinet
738 2961 850 3042 fratris
864 2962 967 3041 iocos,

329 3065 499 3148 decipiens
518 3063 619 3156 (quid
632 3063 763 3153 enimi)
780 3075 896 3125 cuncta
909 3063 946 3125 in
959 3063 1201 3144 contumeliam.

329 3175 416 3258 Ergo
430 3174 472 3232 ad
486 3185 611 3253 patrem
626 3167 786 3246 decurrit,
805 3168 932 3230 laesura
945 3167 1106 3249 invicem,

215 3270 219 3302 ⁷
329 3279 515 3358 Magnaque
527 3274 652 3336 invidia
672 3270 1000 3351 criminatorum,
1211 3339 1215 3350 Ι
1242 3289 1279 3332 ιο

329 3375 390 3442 Vir
404 3388 497 3438 natus
512 3379 601 3455 quod
616 3397 684 3437 rem
699 3377 897 3438 feminarum
917 3376 1066 3460 tetigerit.
1180 3377 1187 3388 '

329 3483 507 3564 Amplexus
523 3479 580 3540 ille
596 3491 788 3558 utrumque,
804 3491 836 3542 et
853 3501 988 3564 carpens
1000 3483 1126 3564 oscula,

329 3587 535 3662 Dulcemque
550 3581 584 3642 in
601 3585 713 3643 ambos
732 3583 898 3646 caritatem
913 3587 1071 3667 partiens,

330 3689 499 3776 Quotidie,
518 3689 640 3776 inquit,
652 3694 785 3771 speculo
801 3711 858 3754 vos
871 3692 920 3754 uti
932 3694 1026 3754 volo:

329 3795 378 3855 'l'u
394 3791 538 3858 sormam·
552 3811 593 3853 ne
608 3811 797 3874 corrumpas
814 3791 979 3871 nequitiae
998 3788 1109 3867 malim
1243 3785 1280 3848 rs

328 3898 380 3960 Tu
395 3894 513 3959 faciem
524 3906 560 3957 ut
569 3879 665 3960 islani
679 3896 827 3960 moribus
838 3895 949 3960 vincas
965 3892 1072 3960 bonis·
