2916 4790
357 417 401 486 w24
444 469 449 476 ¹
559 392 788 459 rnanunr
808 389 1120 470 rnynuunuun

359 550 514 631 Interque
530 542 662 603 caedem
677 537 763 598 ferro
777 535 903 596 mulum
924 531 1095 611 trusitant,

359 649 528 728 Diripiunt
541 663 675 720 numos,
690 639 866 726 'negligunt
883 636 948 698 vile
966 636 1140 696 hordeum.

360 751 522 831 Spoliatus
537 746 637 830 igitur
653 765 743 806 casus
761 764 836 805 cum
850 745 943 830 lleret
961 760 1036 801 suos
1045 784 1055 819 ,
1276 761 1314 802 ιο

360 839 540 934 Equidem,
554 852 661 930 inquit
673 837 770 930 alter,
788 843 841 912 me
853 859 1055 912 contemtum
1067 849 1211 931 gaudeo:

335 1005 341 1011 «
359 963 442 1023 Nam
459 960 544 1022 nihil
560 956 671 1040 amisi,
684 980 745 1021 nec
760 979 831 1020 sum
849 959 956 1018 laesus
974 956 1122 1016 vulnere.

400 1072 471 1130 Hoc
484 1075 679 1152 argumento
692 1075 758 1148 tuta
773 1075 818 1126 est
834 1060 1176 1126 hominumtcuuitos:

360 1179 500 1261 Magnae
517 1174 641 1258 periclo
655 1182 730 1236 sunt
747 1192 826 1254 opes
840 1169 1014 1232 obnoxiae.
1029 1231 1032 1239 „

509 1465 511 1469 Α
597 1369 1082 1472 ranunnuru.

610 1525 798 1606 cervus
826 1553 878 1603 nr
906 1549 1102 1628 novun

364 1659 533 1788 Cervus,
550 1707 731 1771 nemorosis
743 1707 900 1770 excitatus
914 1687 1077 1784 latibulis,

359 1811 403 1870 Ut
421 1821 612 1872 venatorum
626 1811 754 1894 lugeret
766 1810 939 1872 instantem
956 1814 1089 1886 necem,

273 1931 277 1950 ²
363 1912 468 1976 Caeco
485 1917 601 1978 timore
618 1915 801 1998 proximam
815 1916 930 1976 villam
946 1914 1043 1996 petit,

360 2017 400 2080 Et
420 2032 607 2102 opportuno
623 2042 658 2082 se
678 2020 785 2082 bubili
803 2001 967 2092 condidit}

360 2118 425 2190 Hic
444 2131 503 2190 Bos
519 2127 651 2190 latenti:
669 2128 836 2212 Quidnam
850 2125 981 2190 voluisti
999 2125 1077 2210 tibi,
1293 2124 1311 2188 5

360 2231 498 2312 Infelix„
514 2235 601 2296 ultro
617 2233 675 2313 qui
689 2236 732 2295 ad
745 2255 858 2297 necem
868 2249 870 2254 ’
879 2235 1076 2315 cucurreris,

360 2340 609 2423 Hominumque
627 2355 711 2407 tecto
721 2342 874 2428 spiritum
887 2343 1113 2408 commiseris?

359 2447 403 2506 At
413 2446 470 2507 ille
485 2444 715 2531 supplex,'Vos
727 2453 842 2530 modo,
859 2451 982 2533 inquit,
1000 2450 1142 2533 parcite;
1210 2457 1214 2478 ¹

361 2553 540 2616 Occasione
557 2567 668 2620 rursus
682 2579 854 2640 erumpam
868 2561 955 2620 data.

359 2655 506 2737 Spatium
523 2659 589 2722 diei
602 2661 705 2722 noctis
725 2659 891 2741 excipiunt
907 2658 1002 2722 vices.
1031 2683 1037 2698 ¹
1078 2733 1080 2738 Ι
1154 2731 1164 2746 ·
1272 2679 1311 2724 ro

321 2824 326 2832 ,
359 2760 522 2820 Frondem
538 2763 699 2822 bubulcus
712 2762 833 2842 adfert,
853 2783 913 2822 nec
929 2762 1003 2823 ideo
1017 2761 1117 2824 videt.

359 2865 446 2926 Eunt
463 2866 602 2928 subinde
621 2876 652 2927 et
667 2867 935 2931 redeunt-ornnes
953 2868 1080 2948 rustici,

358 2957 464 3031 Nemo
478 2954 707 3034 animadvertit
717 2971 852 3033 :transit
869 2970 968 3035 etiam
982 2971 1130 3054 villicus,

358 3073 426 3134 Nec
439 3073 497 3135 ille
510 3074 689 3156 quidquam
702 3075 808 3157 sentit.
828 3077 913 3136 Tum
927 3077 1073 3160 gaudens
1090 3074 1176 3140 ferus

358 3179 467 3240 Bubus
485 3179 601 3258 quietis
617 3202 713 3267 agere
727 3181 834 3264 coepit
851 3182 991 3266 gratias,
1271 3180 1309 3242 15

359 3280 547 3359 Hospitium
565 3287 700 3348 adverso
715 3288 805 3366 quod
817 3286 1035 3368 praestiterint
1051 3296 1207 3368 tempore.

358 3388 540 3468 Respondit
556 3411 658 3453 unus:
673 3381 807 3454 Saluum
825 3404 856 3455 te
869 3395 1019 3476 cupimus
1038 3393 1187 3474 quidem,

357 3495 420 3554 Sed
435 3493 507 3568 ille,
528 3496 714 3575 quioculos
730 3509 860 3560 centum
878 3501 992 3581 habet,
1004 3499 1033 3563 si
1044 3496 1186 3579 venerit,

356 3605 480 3688 Magno
494 3602 528 3665 in
540 3602 664 3686 periclo
674 3604 742 3667 vita
755 3618 900 3670 vertetur
920 3618 985 3670 tua.

356 3709 447 3769 Haec
461 3708 546 3770 inter
557 3710 633 3792 ipse
640 3711 792 3776 dominus
807 3733 825 3774 a
841 3733 943 3776 coena
956 3715 1058 3790 redit3
1269 3729 1308 3774 ao

356 3811 396 3876 Et
408 3811 484 3893 quia
497 3824 666 3897 corruptos
681 3816 809 3880 viderat
822 3839 929 3900 nuper
946 3820 1046 3892 boves
1058 3862 1069 3900 ,
