2916 4790
472 503 740 565 LIBERI.

135 813 139 822 .
321 743 630 837 FAB'ULA
678 745 900 818 XXVIIl.

239 847 240 853 Ν
370 909 622 964 voert-ser
650 909 854 986 loures.

133 1019 325 1160 Qutuvrs
338 1061 495 1125 sublimes
507 1063 626 1124 debent
639 1062 780 1125 humiles
793 1073 954 1148 metuere,
1027 1099 1032 1130 t

130 1167 291 1232 Vindicta
305 1167 405 1228 docili
424 1169 503 1247 quia
519 1177 606 1249 patet
622 1168 783 1229 solertiae.
1045 1159 1049 1168 ’

172 1272 338 1354 Vulpinos
355 1274 478 1334 catulos
496 1273 613 1350 Aquila
628 1273 793 1352 quondam
807 1273 955 1356 sustulit,

126 1380 288 1458 Nidoque
305 1379 413 1460 posuit
425 1378 541 1461 pullis,
562 1399 667 1442 escam
683 1389 718 1441 ut
736 1389 915 1462 carperent.
992 1447 996 1454 ,

71 1491 74 1508 ’
127 1487 231 1546 Hanc
243 1479 410 1565 persecuta
425 1497 527 1544 mater
540 1503 634 1544 orare
653 1482 787 1564 incipit,
1051 1483 1087 1578 ⁶5

128 1593 180 1652 Ne
195 1601 324 1652 tantum
338 1590 473 1656 miserae
486 1591 611 1652 luctum
627 1589 817 1672 importaret
833 1591 922 1669 sibi.

129 1693 314 1756 Contemsit
326 1695 398 1774 illa,
423 1705 492 1756 tuta
508 1696 563 1776 qui
568 1717 635 1777 ppe·
646 1695 718 1777 ipso
730 1697 812 1758 loco.

127 1803 182 1863 Ab
197 1819 257 1860 ara
268 1799 386 1880 Vulpis
401 1798 508 1880 rapuit
523 1801 691 1860 ardentem
706 1799 829 1877 facem,

127 1903 318 1981 Totamque
336 1905 474 1964 flammis
490 1906 641 1966 arborem
658 1904 890 1984 circumdedit,

127 2007 233 2069 Hosti
253 2009 399 2068 dolorem
419 2008 540 2068 damno
560 2005 698 2069 miscens
713 2007 895 2091 sanguinis.
1055 2030 1092 2072 ao

128 2111 255 2192 Aquila
269 2121 304 2172 ut
317 2112 442 2193 periclo
460 2113 573 2174 mortis
587 2113 728 2194 eriperet
741 2133 834 2191 suos,

129 2216 323 2277 Incolumes
334 2225 427 2278 natos
443 2216 580 2298 supplex
595 2216 697 2298 Vulpi
711 2214 863 2282 reddidit.

240 2451 242 2456 2
348 2385 878 2476 uauuuax'xrx.

194 2613 202 2628 .
295 2567 938 2624 ASINUSIRRIDENSAPRUM.

131 2669 360 2787 Pennuuouu
376 2712 467 2774 stulti
478 2713 578 2774 risum
591 2714 670 2774 dum
683 2716 813 2794 captant
827 2713 949 2796 levem,

130 2827 239 2893 Gravi
255 2824 459 2907 destringunt
474 2823 556 2884 alios
575 2821 792 2902 contumelia,

129 2938 171 2998 Et
190 2930 259 2997 sibi
271 2928 423 2992 nocivum
440 2927 604 2989 concitant
619 2927 811 3010 periculum.

172 3041 303 3103 Asellus
316 3038 405 3126 Apro
416 3057 491 3097 cum
504 3035 614 3096 fuisset
631 3035 763 3117 obvius,
805 3016 807 3026 ¹
877 3045 879 3052 ’

131 3149 248 3222 Salve,
259 3142 383 3224 inquit,
395 3145 515 3214 Frater.
538 3143 596 3202 llle
607 3139 783 3226 indignans
798 3141 949 3223 repudiat

134 3248 309 3326 Officium,
329 3256 359 3307 et
371 3243 516 3324 quaerit,
536 3243 652 3306 cursio
665 3243 795 3306 mentiri
808 3247 911 3311 veliti
951 3297 953 3304 s

134 3354 255 3416 Asinus
265 3351 404 3415 demisso
417 3371 518 3432 penes
542 3349 687 3415 Similem
707 3351 734 3412 si
752 3371 851 3435 negas

136 3453 213 3517 Tibi
229 3474 282 3514 me
298 3473 385 3532 esse,
405 3465 492 3514 certe
506 3451 613 3514 simile
628 3463 675 3514 est
690 3454 754 3512 hoo
770 3464 875 3514 rostro
892 3459 959 3514 tuo.

137 3557 225 3636 Aper
242 3576 317 3618 cum
329 3557 425 3617 vellet
442 3558 548 3619 lacere
559 3555 755 3641 generosum
766 3556 942 3640 impetum,
974 3577 977 3590 ’

137 3657 301 3737 Repressit
313 3655 415 3718 iram:
435 3671 482 3740 et,
501 3661 616 3723 Facilis
632 3653 778 3722 vindicta
793 3671 840 3723 est
852 3661 954 3739 mihi3

137 3760 201 3822 Sed
214 3759 384 3841 inquinari
399 3764 477 3824 nolo
496 3765 617 3847 ignaro
629 3766 799 3852 sanguine.

186 4015 321 4075 Phaedrus.
535 4033 538 4040 ⁴
749 4029 765 4066 a
