2848 4792
501 475 704 538 LIBER
746 477 787 544 V.

218 657 225 690 t

428 686 457 758 F
479 685 512 759 A
536 675 565 758 B
589 687 621 758 U
644 688 675 758 L
698 687 731 760 A
778 689 859 762 111.

408 847 596 900 curvus
623 849 680 899 rr
706 843 877 912 Muses.
968 833 970 842 ’

163 943 306 1056 Cstvr'
317 985 495 1049 momordit
509 988 622 1048 Musca
635 986 797 1047 nudatum
810 994 935 1075 caputr

90 1131 93 1140 ·
161 1099 277 1180 Quam
291 1093 478 1176 opprimere
491 1098 638 1172 captans,
650 1091 779 1172 alapam
793 1089 855 1153 sibi
867 1090 960 1154 duxit
971 1110 1116 1178 gravem.

158 1201 261 1260 Tunc
271 1197 328 1257 illa
342 1193 496 1256 irridens:
514 1195 675 1254 Punctum
692 1192 834 1256 volucris
851 1197 1008 1275 parvulae

157 1298 309 1364 Voluisti
318 1308 422 1361 morte
435 1295 563 1359 ulcisci:
583 1297 665 1376 quid
677 1296 776 1362 facies
793 1297 869 1380 tibi,

155 1402 310 1470 Iniuriae
323 1402 380 1484 qui
393 1401 555 1465 addideris
567 1403 820 1466 contumeliam?
1102 1407 1121 1466 ὁ
1196 1423 1198 1426 ·

154 1507 363 1590 Respondit:
376 1511 504 1569 Mecum
517 1507 612 1569 facile
626 1508 726 1571 redeo
738 1507 943 1595 ingratiam,

156 1615 253 1702 Quia
268 1635 336 1678 non
346 1615 444 1678 fuisse
454 1626 597 1679 mentem
612 1614 765 1678 laedendi
780 1613 859 1678 scio.
954 1669 958 1690 ,

10 1801 15 1810 Ι
155 1723 229 1785 Sed
243 1731 288 1802 te,
300 1722 455 1784 contemti
467 1722 596 1814 generis
610 1721 734 1783 animal
750 1720 958 1805 improbum,

38 1869 46 1878 -
156 1829 259 1909 Quae
271 1825 443 1886 delectaris
454 1825 566 1888 hibere
578 1810 761 1886 humanum
775 1825 988 1911 sanguinem,

158 1930 288 2016 them
301 1949 418 1990 necare
433 1929 486 1988 vel
503 1927 627 1990 maiore
641 1927 863 1990 incommodo.
1077 1937 1113 1992 ro

204 2034 279 2094 Hoc
292 2042 522 2117 argumentum
535 2031 665 2094 veniam
682 2031 750 2093 iam
765 2031 836 2094 dari
852 2019 962 2116 docet,
1071 2111 1074 2115 .

161 2138 235 2224 Qui
249 2159 324 2201 casu
339 2149 467 2220 peccat:
480 2149 512 2201 at
528 2138 588 2219 qui
604 2137 740 2203 consilio
756 2149 802 2202 est
812 2158 950 2222 nocens,

161 2247 267 2308 Illum
282 2263 349 2308 esse
364 2245 512 2324 quamvis
530 2245 667 2332 dignum
683 2265 791 2328 poena
811 2237 932 2308 iudico.

425 2415 453 2485 F
478 2413 509 2484 A
535 2415 562 2484 B
592 2414 678 2486 ut
702 2415 734 2487 A
783 2418 857 2493 IV.

428 2581 559 2636 nono
586 2581 643 2632 rr
669 2579 852 2634 ssruus.

164 2679 339 2819 Qnrnrpr
352 2709 551 2783 immolasset
559 2733 687 2782 verrem
698 2740 774 2782 cum
783 2727 895 2783 sancto
903 2703 1054 2806 Herculi,

145 2828 229 2914 ,Cui
244 2846 305 2909 pro
320 2815 423 2888 salute
434 2835 549 2888 votum
562 2825 701 2888 debebat
714 2844 791 2908 sua,

159 2936 275 3002 Asello
291 2933 382 2997 iussit
399 2924 554 3014 reliquias
569 2927 649 3015 poni
661 2930 790 2995 hordei.

159 3045 255 3126 Quas
266 3047 456 3120 aspernatus
471 3035 547 3116 ille,
561 3033 607 3098 sic
622 3037 750 3097 locutus
762 3039 825 3096 est:

159 3147 275 3206 Tuum
289 3139 428 3203 libenter
445 3157 577 3222 prorsus
595 3145 780 3219 appeterem
795 3135 921 3218 cibum,
986 3132 1017 3174 ’-
1098 3136 1116 3198 5

162 3251 251 3328 Nisi,
266 3249 323 3330 qui
338 3247 478 3310 nutritus
490 3245 550 3308 illo
562 3254 626 3329 est,
647 3244 813 3330 iugulatus
824 3242 917 3305 foret.

205 3334 311 3416 Huius
322 3363 469 3437 respectu
484 3352 616 3414 fabulae
632 3347 821 3428 deterritus,

162 3453 386 3516 Periculosum
401 3475 530 3538 semper
546 3450 697 3535 reputavi
711 3451 852 3512 lucrum.

164 3551 229 3612 Sed
243 3552 340 3634 dicis,
353 3553 419 3636 Qui
430 3576 569 3637 rapuere
583 3553 727 3634 divitias,
741 3554 872 3615 habent.

96 3719 98 3724 .
165 3657 397 3739 Numeremus,
417 3663 570 3746 agedum,
590 3659 648 3740 qui
664 3657 816 3739 deprensi
834 3654 1006 3738 perierint:
1073 3675 1115 3722 ao

166 3757 325 3819 Maiorem
338 3761 468 3820 turbam
483 3757 674 3841 punitorum
690 3755 842 3838 reperies.
1108 3757 1110 3766 ’

166 3860 283 3925 Paucis
295 3862 460 3928 temeritas
471 3871 521 3927 est
531 3856 638 3946 bono,
654 3859 766 3926 multis
782 3859 879 3922 malo.

778 4147 787 4180 l
