2750 4782
411 419 727 509 rlauunan.
911 457 914 466 ·
985 429 1039 504 ηε

86 563 173 622 Nam
184 563 250 624 leo
261 569 425 644 pastorem
441 559 580 642 reperit:
595 569 771 643 pastorque
787 563 891 627 Leoni

129 665 193 724 Pro
212 665 296 746 dape
314 663 450 745 praebet
467 681 567 738 oves:
585 661 709 742 respuit
726 659 908 746 ille'dapes.
1000 688 1038 738 ro

84 769 273 852 supplicat,
293 781 324 832 et
334 771 468 854 plagam
481 779 572 831 tenso
583 769 667 850 pede
679 779 852 852 monstrat,
868 771 978 838 eteius

128 880 210 940 Orat
228 898 343 960 opem:
358 888 468 960 pastor
479 877 617 938 vulnera
629 875 727 946 solvit
742 895 815 938 acu.

85 984 163 1046 Exit
177 1006 252 1046 cum
267 983 359 1046 sanie
371 986 484 1064 dolor,
501 989 533 1045 et
549 1004 600 1046 res
616 1003 711 1062 causa
725 984 866 1066 doloris:

126 1087 190 1149 Hic
201 1090 324 1150 blando
336 1087 498 1150 medicam
511 1088 627 1150 circuit
642 1107 699 1150 ore
713 1108 860 1152 manum.

8 1209 13 1217 ·
84 1193 202 1274 Sospes
217 1191 304 1274 abit,
323 1190 496 1271 meritique
515 1205 606 1253 notas
621 1190 657 1252 in
673 1193 771 1256 corde
787 1191 917 1280 sigillat.
999 1173 1034 1258 ii

126 1300 290 1380 Tempore
303 1297 406 1359 deleri
420 1296 526 1382 gratia
542 1295 637 1358 firma
652 1287 791 1378 nequit*
840 1369 851 1392 ο

81 1402 173 1464 Hinc
183 1403 250 1465 Leo
265 1401 373 1467 vincla
387 1402 490 1466 subit:
510 1405 679 1474 Romanae
692 1402 800 1486 gloria
816 1403 960 1485 prastino

123 1507 222 1568 Hunc
236 1505 352 1585 habet,
372 1515 403 1567 et
419 1506 528 1568 multis
545 1505 657 1567 miscet
673 1523 773 1566 arena
787 1504 874 1570 feris·

79 1609 167 1671 Ecce
180 1609 395 1692 necispotum
416 1612 539 1694 pastori
554 1613 651 1694 culpa
663 1610 831 1694 propinat:
884 1645 888 1652 v

125 1715 296 1778 Clauditur
311 1715 348 1776 in
361 1716 490 1797 mediis,
508 1727 540 1777 et
556 1717 653 1778 datur
669 1736 741 1780 esca
757 1715 844 1782 feris.
993 1740 1032 1785 ao
1072 1763 1075 1770 ·

77 1821 182 1880 Hunc
192 1817 261 1880 fera
271 1816 464 1899 praesentit,
477 1818 559 1897 petit
568 1820 672 1880 hunc:
691 1818 783 1879 timet
795 1818 868 1902 ille,
883 1820 1014 1886 timenti

124 1925 213 1984 Haec
223 1922 292 1982 fera
307 1921 491 1982 blanditur:
515 1931 642 2000 sperat,
656 1919 788 1998 abitque
805 1920 912 1986 timor.

78 2022 139 2088 Nil
153 2021 290 2108 feritatis
298 2024 423 2084 habens
434 2020 517 2083 ludit
529 2023 615 2102 fera,
632 2023 735 2084 cauda
752 2023 901 2084 resultat:

124 2131 211 2190 Dum
225 2128 294 2191 fera
307 2126 519 2208 mansuescit,
535 2146 569 2190 se
580 2123 679 2211 neg'at
689 2145 757 2188 esse
768 2126 882 2188 feram.

76 2236 180 2298 Hunc
189 2242 289 2313 tenet,
300 2232 507 2316 hunclingit,
520 2243 699 2314 pensatque
709 2232 813 2302 salute
820 2232 973 2316 salutem:
993 2235 1030 2298 25

122 2340 220 2401 Nulla
232 2337 308 2402 sinit
321 2337 395 2401 fieri
407 2340 558 2416 vulnera,
574 2326 664 2398 nulla
678 2337 765 2420 facit.
872 2343 875 2348 '

76 2445 187 2506 Roma
199 2441 509 2524 stupet,“parcitque
525 2441 613 2522 viro,
628 2440 797 2525 parcitque
806 2441 926 2508 Leoni:
1010 2475 1013 2480 ¹

122 2546 186 2608 Hic
194 2545 278 2608 redit
288 2545 326 2608 in
337 2545 451 2626 silvas,
469 2553 502 2607 et
511 2545 596 2607 redit
607 2545 665 2606 ille
679 2546 825 2606 domum.

75 2656 155 2716 Non
167 2653 264 2714 debet
273 2650 425 2713 meritum
437 2651 540 2734 turpis
553 2652 662 2713 delere
676 2656 831 2714 vetustas:

119 2755 253 2839 Accepti
266 2777 427 2820 memores
441 2740 501 2821 uos
520 2758 613 2818 decet
628 2775 697 2820 esse
710 2756 799 2818 boni.
986 2763 1027 2826 30

265 2916 839 3034 rauuna‘irxxrn

314 3130 374 3180 na
402 3129 520 3196 iuro
546 3127 603 3180 ar
629 3129 799 3188 vunan.

72 3247 312 3356 Rrsrounrnn
324 3288 418 3370 Lupo
430 3288 471 3350 de
480 3287 560 3349 furti
570 3289 644 3350 labe
659 3298 785 3350 tenetur

116 3394 258 3474 Vulpes:
282 3415 377 3458 causa
392 3403 504 3457 vocat:
523 3393 579 3456 hic
590 3393 688 3476 petit,
702 3393 761 3455 ille
776 3379 883 3482 negat.
1009 3395 1012 3416 ¹

73 3492 196 3561 Simius
209 3504 255 3556 est
266 3495 383 3559 iudex:
400 3497 488 3560 docti
505 3517 572 3559 non
591 3504 676 3558 errat
689 3515 829 3559 acumen

115 3588 253 3678 Iudicis,
272 3617 427 3661 arcanum
440 3601 558 3665 mentis
567 3600 604 3664 in
613 3621 670 3664 ore
683 3602 772 3689 legit.

70 3700 240 3770 Iudicium
253 3700 347 3788 fingit
359 3727 367 3767 :
380 3705 502 3788 Poscis,
520 3710 609 3788 quod
620 3728 753 3790 poscere
769 3708 858 3769 fraus
869 3715 932 3792 est,
1001 3701 1020 3770 6

113 3808 239 3889 Visque
250 3807 350 3874 fidem
366 3811 407 3876 de
421 3832 475 3896 re,
491 3833 590 3894 quam
604 3827 702 3903 negat
717 3816 788 3898 ipsa
799 3811 890 3886 fidet.

173 3911 306 3968 Phaedrus.
703 3931 735 3974 ro
813 3929 820 3958 ⁸
