2916 4790
509 481 778 544 LIBERI.
1079 497 1118 542 as

168 621 322 723 Verbosis
339 620 514 702 adquisivit
526 619 588 686 sibi
607 622 729 684 famam
745 621 894 704 strophis·

166 728 232 797 Hic
244 723 319 801 cum
331 732 452 795 iaceret
470 731 587 794 morbo
604 731 770 827 conlectus
781 729 876 816 gravi
1099 729 1116 791 ὅ
1211 794 1214 813 ,

166 846 239 925 Rex
252 844 357 922 urbis,
376 843 446 906 eius
461 841 652 926 experiendi
663 841 769 926 gratia

166 953 334 1034 Scyphum
348 949 600 1034 poposcitelusa
616 948 693 1011 dein
706 948 863 1012 simulans
872 966 958 1029 aqua

166 1061 322 1124 Antidoto
335 1061 472 1125 miseere
488 1059 577 1124 illius
597 1079 632 1122 se
647 1059 809 1140 toxicum,
938 1065 946 1084 '

167 1169 362 1231 Comhihere
375 1167 466 1230 iussit
479 1167 602 1250 ipsum,
621 1164 727 1247 posito
745 1164 902 1248 praemio.

164 1276 297 1338 Timore
310 1276 423 1338 mortis
439 1275 495 1337 ille
514 1285 584 1335 tum
597 1274 761 1336 confessus
774 1283 837 1356 est,
1074 1288 1113 1336 ιο

65 1455 68 1462 ¹
166 1385 238 1444 Non
251 1382 330 1444 artis
344 1383 412 1443 ulla
432 1379 579 1443 medicae
591 1399 625 1442 se
637 1379 828 1463 prudentia,

166 1491 288 1554 Verum
301 1502 432 1572 stupore
443 1488 536 1575 vulgi
548 1489 672 1552 lactum
692 1489 849 1551 nobilem.

165 1597 237 1656 Rex
249 1598 406 1658 advocata
418 1594 577 1659 concione
590 1596 670 1656 ltaee
687 1594 807 1658 ediditz

166 1703 314 1784 Quantae
329 1701 448 1784 putatis
467 1723 535 1765 esse
550 1718 609 1762 vos
625 1699 829 1780 dementiae,
915 1739 918 1746 ·

165 1804 231 1888 Qui
245 1806 350 1887 capita
363 1816 469 1869 vestra
485 1826 554 1871 non
569 1804 723 1868 dubitatis
734 1807 882 1888 credere,
1075 1803 1112 1863 15

164 1911 226 1973 Cui
239 1913 431 1976 calceandos
444 1932 542 1976 nemo
559 1911 719 1974 commisit
737 1913 860 1994 pedes?
1083 1906 1088 1914 ’

205 2017 277 2076 Ηοο
292 2015 455 2096 pertinere
471 2037 548 2080 vere
567 2017 609 2078 ad
625 2016 701 2080 illos
714 2015 872 2094 dixerim,

165 2127 314 2210 Quorum
325 2126 460 2190 stultitia
472 2135 624 2208 quaestus
637 2125 860 2209 impudentiae
873 2130 930 2186 est.

414 2319 498 2404 ut
522 2333 551 2403 n
577 2333 607 2403 u
632 2332 718 2403 LA
765 2331 860 2404 xv.

245 2505 438 2560 us1uus
465 2506 528 2560 Au
558 2505 719 2560 sunan
744 2478 1014 2588 eserenon.

162 2625 191 2738 l
190 2695 211 2736 n
223 2672 407 2756 principatu
416 2675 661 2736 „commutando
676 2671 809 2756 civium!

162 2779 217 2840 Nil
235 2788 363 2862 praeter
380 2778 507 2843 domini
523 2799 644 2842 nomen
657 2787 784 2840 mutant
802 2793 970 2860 pauperes.

160 2885 202 2945 ld
214 2901 418 2966 esseverum,
431 2905 534 2968 parva
552 2887 634 2948 haee
652 2884 772 2948 fabella
787 2882 921 2945 indicat.

201 2994 346 3054 Asellum
363 2991 399 3054 in
410 3001 504 3074 prato
519 2991 653 3054 ‘timidus
665 2993 816 3074 pascebat
831 2991 945 3052 Senex.

163 3099 209 3179 Is,
222 3098 366 3162 hostium
383 3101 524 3163 clamore
536 3098 646 3162 subito
664 3099 811 3178 territus,
1040 3171 1048 3186 ·
1090 3090 1110 3154 5

161 3207 323 3279 Suadebat
334 3205 433 3269 Asino
445 3205 576 3289 fugere,
595 3225 638 3266 ne
655 3211 786 3284 possent
801 3200 884 3283 capi.
968 3273 975 3280 ¹

162 3319 204 3378 At
218 3317 274 3380 ille
292 3295 413 3382 lentus:
434 3316 578 3398 Quaeso,
595 3331 677 3373 num
693 3309 787 3373 binas
802 3306 887 3370 mihi

163 3427 305 3490 Clitellas
322 3425 550 3508 impositurum
570 3421 727 3484 victorem
741 3419 861 3502 putas?

164 3536 268 3596 Senex
283 3531 424 3618 negavit.
440 3533 525 3617 Engo
540 3527 619 3610 quid
636 3528 735 3593 refert
747 3547 838 3608 mea,

163 3645 225 3706 Cui
235 3644 396 3708 serviam?
411 3642 546 3707 clitellas
561 3643 641 3705 dum
653 3651 785 3725 ponem
800 3655 900 3700 meas.
1068 3649 1109 3696 ao
