2910 4786
849 269 851 274 ¹
921 297 939 334 s

341 449 454 584 *mr
672 499 1028 580 annuunt

433 674 570 742 Praeter
596 662 763 738 Seianum
791 664 1023 756 subsequenti
1055 681 1218 760 tempore
1250 687 1326 737 non

374 781 478 878 pauci
492 795 588 848 etant
603 791 786 868 potentes,
811 773 875 866 qui
897 772 1042 844 Phaedri
1057 771 1183 845 fabulis
1203 799 1238 846 se
1259 777 1330 846 lae·

375 914 430 960 sos
447 899 631 982 putarent,
653 880 813 974 iramque
835 901 1042 952 evomerent
1063 884 1100 952 in
1120 900 1326 973 auctorem,

376 995 543 1090 quoshic
562 1009 683 1063 tamen
702 990 886 1060 nominare
909 1014 984 1062 non
1005 991 1135 1077 audet5
1160 993 1199 1062 id
1224 993 1328 1087 quod
1418 1021 1419 1082 3

373 1107 573 1182 luculenter
584 1118 730 1197 apparet
742 1127 788 1173 ex
799 1101 888 1196 Epil.
901 1102 963 1174 lib.
978 1101 1039 1178 ΙΙΙ.
1053 1127 1086 1176 v.
1102 1125 1147 1198 eq
1160 1127 1258 1199 seqq·
1418 1099 1419 1122 .

324 1223 328 1230 '
423 1216 490 1286 Sed
501 1210 672 1308 difficulter
685 1216 865 1284 continetur
881 1215 1035 1311 spiritus.

421 1325 631 1419 Integritatis
648 1325 704 1418 qui
721 1324 864 1392 sincerae
889 1319 1033 1396 conscius

423 1437 637 1504 Anartiorum
652 1433 811 1528 premitur
825 1432 1013 1503 insolentiis.

423 1542 495 1654 Qui
514 1542 579 1609 sint
599 1542 753 1634 requires:
772 1540 969 1637 apparebunt
987 1559 1133 1640 tempore.

353 1743 357 1751 .
423 1652 496 1744 Ego
519 1647 676 1745 quondam
697 1649 763 1742 legi
781 1673 877 1745 quarn
892 1676 975 1749 puer
994 1657 1205 1730 sententiam.

423 1761 542 1833 Palam
558 1760 675 1828 mutire
688 1759 807 1858 plebeio
824 1760 990 1856 piaculum
1007 1779 1076 1839 est,

317 1964 319 1972 y
423 1869 514 1942 Durn
535 1872 659 1940 sanitas
674 1870 851 1944 constabit.
872 1873 1006 1969 pulchre
1020 1877 1200 1958 meminero.

376 1982 453 2087 Qui
477 1983 575 2051 locus
598 1981 742 2074 probat,
765 1980 990 2069 Phaedrum,
1015 1984 1169 2055 invidiae
1191 1987 1328 2058 calum·

374 2095 527 2183 uiaeque
554 2090 873 2162 machinationibus
899 2119 1127 2188 oppressum,
1163 2095 1326 2170 fictarum

375 2226 556 2272 causarum
571 2211 671 2272 reum
685 2227 755 2272 esse
768 2200 914 2276 facturn.
937 2207 990 2276 Ac
1003 2205 1160 2299 primum
1176 2207 1326 2300 quidem
1420 2285 1421 2292 χ

374 2309 541 2382 Seianum
557 2329 818 2400 accusatorem,
848 2313 1028 2408 simulque
1042 2330 1167 2386 testem
1179 2341 1220 2388 ac
1235 2315 1329 2387 iudi·
1420 2295 1421 2364 l

375 2445 454 2494 cem
475 2421 609 2493 habuit.
643 2421 724 2492 Hoc
747 2423 880 2496 deinde
903 2427 1098 2516 exstincto,
1119 2429 1201 2512 atii,
1219 2430 1329 2498 river

374 2529 501 2603 Seiano
515 2535 654 2628 incepta
667 2527 883 2625 persecuturi
904 2536 1179 2620 Phaedrumque
1197 2534 1327 2604 ultioni

374 2647 583 2727 mactaturi,
611 2643 682 2712 sive
713 2641 856 2737 propria
883 2641 1062 2712 simultate
1088 2635 1325 2732 inflammati,
1421 2637 1422 2666 ⁴

375 2761 520 2820 omnem
544 2767 736 2818 moverunt
764 2749 946 2843 lapidem,
981 2767 1021 2818 ut
1046 2741 1235 2843 affligerent
1259 2771 1325 2822 no-

374 2875 486 2929 strum
506 2873 541 2925 et
552 2856 751 2948 perderent.
772 2857 800 2925 li
814 2871 918 2942 sunt,
935 2875 1056 2928 contra
1068 2878 1158 2947 quos
1174 2861 1326 2952 supplex

182 2953 184 2964 '
262 2958 266 2964 ’
376 2980 412 3036 et
424 2987 522 3049 reus,
548 2962 610 3032 etsi
630 2960 836 3056 integritatis
859 2964 1047 3050 conscius,
1073 2963 1239 3057 implorat
1258 2967 1326 3036 rni-

376 3071 596 3145 teticotdiam
616 3055 792 3165 Eutychi,
815 3071 956 3167 patroni
978 3073 1053 3159 sui,
1072 3088 1082 3124 ¹
1106 3075 1214 3149 hocce
1235 3092 1326 3145 tem·
1404 3077 1409 3085 '

376 3208 464 3282 pore
477 3184 568 3254 forte
580 3182 739 3256 iudicum
757 3207 917 3256 numero
929 3183 1103 3272 habendi,
1117 3197 1134 3238 ²
1150 3187 1321 3258 scribens's

423 3293 569 3364 Stultum
584 3293 744 3365 adnwvere
758 3295 816 3366 tili
822 3319 932 3396 preces
946 3297 1112 3371 existimo.

412 3441 423 3476 r
437 3423 501 3492 Epil.
509 3423 555 3476 lib.
565 3421 611 3475 lll.
621 3422 734 3476 era-26.
869 3425 1059 3478 connoversias
1075 3443 1107 3477 ex
1121 3441 1204 3496 aequo
1215 3437 1242 3478 et
1255 3425 1323 3478 hone

409 3504 531 3554 aversus
541 3501 622 3567 eninr,
632 3503 723 3552 decem
732 3502 832 3569 quadre-
869 3502 1082 3571 praescriptisque
1097 3505 1179 3570 legunt
1191 3519 1248 3556 esse
1256 3503 1323 3554 diiu-

375 3586 515 3650 ligio‚quod
521 3582 832 3652 petiturfides,intelligen·
868 3582 1004 3633 detentos.
1018 3581 1075 3633 Non
1090 3595 1171 3634 tamen
1181 3579 1326 3634 verosimile

376 3664 438 3724 alus,
455 3665 605 3716 observante
617 3662 789 3725 Desbillonio,
798 3662 830 3714 de
868 3661 1152 3715 videturllurmannoad
1162 3664 1212 3712 loc.
1221 3659 1326 3712 Phaedri

375 3742 651 3812 religioneiudiciorum
659 3756 685 3796 et
694 3741 743 3793 fide
751 3743 829 3810 luris·
870 3739 1324 3807 cit.Eutychum,llbertinotnenge·

377 3821 484 3885 iurandi,
500 3839 552 3892 quo
565 3839 593 3875 se
606 3823 774 3874 Romanorum
788 3823 831 3873 iu·
868 3831 963 3874 tentem
973 3857 981 3885 ,
990 3819 1088 3872 iudiciis
1099 3817 1248 3887 praefuisse.

377 3903 445 3957 dues
458 3902 657 3976 adstringebat,
671 3901 728 3956 lites
736 3917 792 3957 sese
803 3912 830 3956 et
