2750 4782
315 409 373 476 ²74
600 385 790 452 runnu
820 386 947 471 sum
1115 406 1160 448 v.
1185 403 1270 467 272.

311 541 421 602 Homo
432 553 563 618 semper
572 532 607 596 in
619 553 655 596 os
666 533 728 595 fert
741 531 851 612 aliud,
864 531 953 592 aliud
966 528 1102 615 cogitet.

313 649 423 710 Homo
436 644 530 707 toties
545 642 701 721 moritur,
713 639 841 720 quoties
855 637 975 700 amittit
988 657 1076 702 suos-

313 753 424 814 Homo
438 748 524 811 vitae
541 748 786 826 commodatus,
801 765 868 808 uon
880 747 1018 808 donatus
1029 753 1090 808 est.

313 856 459 917 Honesta
472 853 526 914 lex
539 858 587 913 est
604 847 761 930 temporis
775 845 955 910 necessitas.
971 873 973 878 ·

314 937 458 1024 Honeste
468 975 582 1040 parcns
598 954 767 1036 improbo,
784 960 821 1014 ut
836 971 952 1034 parcas
964 953 1079 1034 probo.

313 1065 459 1128 Honeste
468 1058 579 1144 seruit,
597 1055 655 1139 qui
666 1056 848 1122 succumbit
863 1055 1014 1138 tempori.
1044 1091 1051 1103 ι

315 1174 479 1236 Honestus
493 1185 608 1230 rumor
618 1165 757 1228 alterum
767 1169 814 1226 est
823 1159 1070 1246 patrimonium.

315 1282 431 1344 Honos
441 1279 614 1340 honestum
626 1247 774 1354 deierat,
784 1272 994 1338 inhonestum
1009 1275 1120 1336 nent.

317 1381 538 1448 Humanitatis
553 1380 678 1465 optima
693 1390 740 1443 est
751 1375 893 1442 certatio.

317 1541 424 1656 Iscsr
432 1585 540 1649 omnis
549 1585 669 1670 virtus,
681 1586 769 1654 tama
782 1585 846 1649 nisi
861 1587 924 1650 late
939 1592 1037 1670 patet.

315 1694 368 1762 Ibi
379 1713 508 1776 semper
519 1700 566 1754 est
576 1689 730 1773 uictoria,
743 1693 802 1756 ubi
815 1693 989 1758 concordia
1000 1700 1059 1756 est.

316 1800 370 1864 lbi
379 1808 457 1882 pote
469 1797 578 1860 valere
589 1799 747 1880 populus,
756 1796 816 1860 ubi
829 1799 916 1884 leges
930 1797 1049 1860 valent.

316 1907 358 1970 Id
371 1923 464 1992 ages,
480 1912 535 1966 tuo
547 1911 577 1966 te
588 1903 705 1968 merito
719 1923 761 1967 ne
775 1903 848 1985 quis
862 1903 979 1968 oderit.

318 2011 408 2097 Ignis
421 2029 517 2073 suum
537 2012 680 2073 calorem
698 2011 798 2074 etism
811 2009 947 2074 inferro
963 2018 1060 2073 tenet.
1336 2054 1337 2116 t

317 2117 408 2202 ignis
419 2118 683 2200 prohataurum,
697 2114 846 2180 miseriae
854 2114 971 2178 fortem
984 2115 1139 2199 probant.
1223 2119 1280 2180 ass
1337 2151 1338 2210 p

316 2218 489 2304 Ignoscere
498 2216 670 2278 hominum
680 2227 742 2297 est,
751 2215 810 2279 ubi
822 2220 942 2300 pudet,
957 2216 1010 2280 cui
1024 2215 1230 2304 ignoscitur.
1338 2253 1339 2285 n

317 2323 491 2408 ignoscere
499 2320 672 2383 hominum
685 2317 823 2399 est‚nisi
833 2321 1014 2402 pudet,eui
1023 2319 1227 2408 ignoscitur.
1339 2350 1340 2372 1

317 2425 482 2512 Ignoscite
494 2439 591 2508 saepe
605 2423 716 2504 alteri,
732 2443 905 2504 nunqnam
918 2424 988 2488 tibi.

318 2531 382 2593 Illo
394 2549 514 2592 nocens
524 2550 559 2594 se
569 2531 719 2609 damnat,
736 2547 802 2608 quo
817 2540 930 2611 peccat
945 2528 1009 2592 die.

319 2634 499 2720 Imperium
510 2637 632 2698 habere
643 2635 692 2697 vis
704 2637 882 2722 maguum?
898 2635 1022 2720 impera
1038 2635 1119 2701 tibi·a

319 2737 513 2820 Imprudens
524 2735 652 2820 peccat,
667 2757 765 2816 quem
781 2747 854 2822 post
869 2739 946 2803 fecti
960 2738 1115 2823 poenitet.

195 2847 197 2856 ⁴
319 2843 461 2926 Impune
474 2839 511 2902 in
527 2861 601 2903 eum
619 2860 748 2923 pecces,
765 2840 824 2922 qui
835 2855 947 2925 peccat
962 2843 1077 2906 rarior.

318 2933 360 3011 In
370 2968 482 3010 amore
494 2967 623 3031 semper
632 2951 773 3011 mendax
787 2948 958 3012 iracundia
971 2958 1029 3012 est.

319 3055 361 3116 In
374 3073 484 3117 amore
495 3053 602 3116 forma
613 3055 688 3138 plus
701 3056 805 3137 valet,
816 3075 915 3136 quam
929 3054 1114 3121 auctoritas.

320 3158 360 3218 Iu
373 3175 486 3218 amore
499 3177 627 3240 semper
639 3177 735 3221 eausa
747 3158 861 3222 domni
874 3158 1051 3239 quaeritur.

320 3258 361 3320 In
374 3256 563 3320 calamitoso
579 3259 661 3322 risus
677 3262 775 3325 etiam
786 3261 907 3324 iniuria
919 3272 977 3326 est.

320 3362 467 3426 Incertus
482 3362 610 3425 suimus
626 3366 809 3429 remedium
822 3378 872 3430 est
883 3366 1070 3451 sapientiae.

319 3466 442 3531 Inertia
454 3465 635 3547 iudicatur,
654 3490 727 3529 cum
745 3470 871 3554 fugitur
884 3473 990 3535 labor.

320 3572 442 3636 Inertis
458 3583 505 3638 est
518 3572 639 3636 laboris
652 3571 824 3635 excusatio.

320 3675 448 3742 infelici
462 3676 647 3741 innocentia
665 3689 711 3738 est
725 3677 872 3742 felicitas.

321 3783 461 3849 Inferior
474 3784 586 3869 rescit,
597 3783 758 3866 quidquid
773 3794 887 3867 peccat
898 3784 1058 3868 superior,
