2750 4782
345 431 402 491 ιῃ
512 449 517 464 .
660 411 1017 476 unonrnrr

339 556 392 618 stc
403 553 526 636 Vulpes
535 551 646 616 ieiuna
656 552 756 613 reditt
771 553 817 614 sio
832 553 956 644 inllitur
970 555 1094 620 audens

380 658 518 721 Fallere:
536 655 583 716 sic
601 656 663 718 telo
679 655 821 716 laeditur
835 654 906 736 ipsa
921 675 991 716 suo.
1048 737 1050 744 Ι

340 759 438 842 Quod
452 755 510 818 tibi
527 777 593 818 non
608 756 744 836 faceres,
757 755 814 816 alii
827 755 938 818 secisse
950 767 1071 820 caveto.

380 861 526 926 Vulnera
539 878 607 920 non
620 859 735 942 facias,
751 879 835 940 quae
851 871 943 942 potes
960 858 1030 944 ipse
1043 861 1123 944 pati.

518 1060 823 1133 FAtttttn
872 1061 1096 1136 XXXIV.

438 1237 497 1288 DE
524 1235 644 1288 LUPO
671 1235 729 1286 ET
754 1234 933 1287 cumn
959 1235 1194 1293 INVENTO-

374 1506 447 1566 Hoc
461 1508 536 1566 beat
551 1508 703 1569 humanis
717 1528 769 1570 ars
783 1507 923 1588 pretiosa
936 1507 1038 1593 genis.

324 1611 406 1686 'Hoc
415 1611 525 1692 Lupus
535 1613 660 1672 alterno
672 1613 776 1676 volvit
785 1607 885 1697 pede,
900 1618 999 1677 verba
1011 1617 1169 1684 resolvit:

318 1733 327 1757 ⁹
374 1715 404 1775 Ο
417 1713 487 1775 sine
498 1733 578 1776 voce
591 1735 707 1800 genus,
723 1736 744 1779 o
759 1717 831 1782 sine
847 1729 955 1781 mente
967 1730 1064 1801 caput
1076 1724 1084 1781 t

334 1817 448 1880 Fusoat
461 1818 683 1906 etsxstinguit
698 1823 805 1884 cordis
822 1823 927 1910 caligo
943 1823 1082 1886 nitorem
1275 1833 1292 1894 5

373 1923 543 2004 Corporis:
560 1937 605 1988 est
619 1925 722 1989 animi
738 1929 828 1991 solus
844 1927 881 1992 in
895 1930 975 1994 orbe
988 1929 1084 1992 nitor.

535 2069 1073 2230 rnnunnyxxx'v.

489 2283 547 2336 DE
576 2283 805 2340 GRA'GULO
831 2291 889 2341 ET
913 2293 1119 2352 PAvottE.

337 1357 446 1470 Dnu
457 1400 534 1488 legit
546 1423 624 1466 arva
633 1403 759 1486 Lupus,
775 1402 894 1484 reperit
902 1411 1076 1484 caputarte
1084 1405 1302 1488 superbum:

313 2403 534 2518 xGnncunns
547 2449 682 2515 invento
698 2455 777 2536 picti
797 2459 937 2523 Pavonis
952 2462 1092 2546 amictu,

369 2555 410 2616 Se
422 2556 517 2637 polit,
532 2567 564 2618 et
577 2557 679 2621 socias
693 2560 779 2622 ferre
789 2564 935 2643 superbit
950 2587 1034 2630 aves.

329 2659 435 2740 Quem
444 2658 515 2720 fore
527 2680 688 2741 pavonem
699 2665 837 2746 pavonis
850 2689 958 2749 penna
971 2672 1105 2756 fatetur,

367 2763 535 2824 Pavonum
545 2767 658 2848 generi
671 2789 738 2830 non
756 2771 847 2833 timet
861 2794 927 2836 esse
946 2797 1062 2840 comes.

327 2869 415 2931 Pavo
426 2870 539 2931 dolum
552 2870 665 2932 sentit:
682 2873 754 2936 falsi
772 2880 909 2957 pavonis
923 2882 1082 2946 honorem
1266 2891 1283 2954 5
1364 2927 1365 2948 t

366 2975 526 3057 Increpat,
543 2987 575 3039 et
593 2977 749 3042 domitam
765 2985 899 3048 verbere
909 2991 1013 3050 nudat
1025 2975 1130 3053 nvem.

325 3079 419 3139 Nuda
433 3081 526 3159 latet,
542 3081 710 3164 sociosque
722 3085 819 3171 fugit,
838 3089 1008 3178 minuique
1020 3098 1184 3178 pudorem

364 3179 416 3242 Sic
426 3192 529 3262 putat.
543 3187 640 3248 Hune
651 3188 724 3248 diro
737 3190 871 3272 corripit
889 3213 945 3256 ore
961 3217 1087 3262 comes:

324 3283 481 3350 Ascensor
494 3287 616 3362 nimius
634 3292 772 3360 nimium
790 3297 869 3360 ruitt
881 3311 974 3382 aptus
984 3303 1019 3368 in
1034 3305 1109 3370 imis

363 3387 417 3446 Est
429 3389 534 3452 locus:
549 3395 629 3472 haer
640 3398 721 3459 levis
740 3410 802 3479 est,
817 3403 875 3466 illa
886 3406 980 3470 ruina
996 3413 1115 3496 gravis.
1239 3441 1281 3482 ro

323 3492 390 3576 Qui
403 3493 476 3574 plus
489 3512 583 3576 posse
593 3509 685 3577 putat
697 3521 755 3561 sua
767 3524 864 3582 quarn
881 3521 997 3572 natura
1015 3513 1193 3598 ministrat,

363 3599 458 3658 Posse
474 3618 569 3658 suum
583 3619 752 3686 superans,
770 3627 805 3670 se
822 3597 932 3676 minus
948 3633 1015 3676 esse
1026 3625 1128 3696 putat.

322 3699 357 3764 Si
371 3699 429 3761 tibi
443 3704 608 3768 nonsatis
623 3718 756 3772 naturae
771 3726 856 3776 meta
870 3717 992 3798 fuisset,
1057 3729 1060 3744 ¹

360 3807 426 3868 Neo
443 3807 518 3872 vilis
527 3831 594 3899 ,neo
607 3810 703 3897 inops
719 3819 780 3880 n'ec
793 3817 864 3884 sine
879 3831 956 3886 teste
970 3809 1066 3892 fores.
