2848 4792
367 399 433 458 aa
534 371 536 380 '
684 363 999 456 anonru1

370 559 457 626 Finit
470 557 589 638 verba,
609 555 713 618 redit:
731 553 906 640 praeponit
925 565 993 619 tuta
1011 557 1187 637 timendin3

412 670 452 730 Et
470 665 548 746 quia
563 684 692 728 summa
708 663 815 743 timet,
828 663 926 726 tutius
938 663 1004 725 ima
1017 663 1106 746 petit.
1319 673 1362 731 ³0

370 772 546 856 Pauperies
566 771 594 836 si
607 773 690 837 laeta
707 768 814 848 venit,
827 769 985 836 tutissima
997 792 1048 834 res
1060 779 1125 835 cst:

292 953 294 958 ,
410 875 548 943 Tristior
561 871 738 938 immensas
754 884 913 960 pauperat
932 893 1009 937 usus
1024 894 1111 957 opes,

602 1052 905 1126 ranuca
954 1053 1085 1180 unt

569 1231 628 1282 nn
655 1228 811 1283 vunan
838 1228 895 1280 nr
920 1181 1118 1304 Aonian.

368 1361 478 1474 Dora
494 1399 619 1480 Vulpes
632 1395 786 1476 Aquilam,
799 1411 860 1475 pro
876 1402 970 1475 rapta
981 1393 1075 1474 prole
1087 1393 1254 1481 perungit

409 1505 509 1567 Melle
519 1522 675 1584 precum3¹
687 1501 842 1581 praedam
857 1500 992 1560 reddere
1008 1498 1110 1562 nescit
1122 1498 1206 1568 avis.

367 1610 492 1674 Praeda
504 1605 621 1691 gemit,
635 1603 769 1682 nidique
783 1603 875 1666 timet
888 1602 977 1666 cibus
992 1623 1060 1666 esse
1073 1603 1201 1688 gulosiz

297 1741 301 1752 ·
407 1714 470 1774 Sed
482 1709 614 1772 redimit
628 1718 721 1772 natos
734 1707 822 1772 utilia
834 1718 903 1770 arte
913 1726 1041 1789 parens-

316 1873 320 1877 ,
366 1820 550 1881 Arborcum
568 1824 661 1876 zonat
674 1812 802 1895 stipulis
819 1823 851 1875 et
868 1810 991 1874 vimine
1005 1822 1179 1896 truncum,
1310 1819 1329 1879 ⁵

406 1925 446 1984 ln
461 1920 616 2003 stipulam
632 1922 728 1981 docto
742 1916 882 2002 porrigit
894 1938 951 1980 ore
963 1918 1080 1982 facem.

365 2030 407 2092 In
423 2029 531 2110 pullos
546 2025 683 2106 Aquilae
698 2023 863 2109 consurgit
877 2023 972 2106 copia
982 2021 1078 2084 furni:

408 2133 506 2194 Hunc
523 2129 629 2206 timet,
645 2138 677 2189 ct
691 2129 832 2209 Vulpem
848 2125 986 2209 provida
1002 2127 1109 2208 placat
1125 2126 1208 2190 aria.

367 2239 442 2300 Non
453 2234 493 2297 sit
512 2231 570 2313 qui
584 2233 725 2312 studeat,
740 2229 817 2310 quia
833 2231 955 2310 maior,
972 2230 1084 2292 obesse
1097 2223 1241 2314 minori,

409 2342 494 2403 Cum
506 2339 590 2401 bene
604 2334 723 2398 maiori
740 2333 840 2418 ponit
855 2337 966 2398 obesse
980 2331 1099 2396 minor.
1289 2359 1327 2399 ιο

606 2525 634 2594 F
658 2521 689 2592 Α
716 2522 744 2592 Β
768 2521 799 2592 U
823 2517 854 2592 L
877 2521 910 2592 A
947 2521 1083 2594 ¹XIV.

548 2692 606 2745 nn
633 2689 815 2766 apuria
841 2689 897 2762 nr
923 2681 1141 2774 conurcnt

367 2811 447 2922 Pal
461 2853 614 2934 Aquilae,
626 2853 749 2934 praedo
767 2849 951 2932 testudinis,
968 2855 1043 2912 aira
1054 2849 1182 2913 scindit.

407 2962 502 3024 Hanc
514 2975 574 3021 sua
588 2955 713 3018 concha
726 2943 820 3039 tegit,
836 2973 960 3017 cornua
972 2956 1071 3040 longa
1081 2957 1195 3017 latent.

366 3063 440 3126 Hoc
456 3059 580 3120 monitu
597 3055 718 3119 Cornix
726 3057 879 3136 Aquilam
890 3058 1075 3140 praemunit
1087 3057 1264 3140 ineptum?

407 3165 482 3224 Fers
496 3181 594 3234 onus3
613 3160 676 3220 hoc
691 3155 746 3220 fiet
767 3157 863 3237 utile,
882 3160 976 3220 crede
992 3157 1087 3218 mihi.

367 3267 466 3350 Quod
477 3264 561 3348 geris
570 3263 604 3324 in
613 3261 855 3342 concha‚cssrus
864 3269 926 3322 est:
942 3260 1000 3323 tibi
1007 3258 1145 3342 subripit
1156 3258 1253 3322 illum
1298 3265 1315 3326 ὅ

406 3366 538 3425 Concha
553 3363 680 3424 cibum:
697 3363 854 3424 concham
870 3361 999 3445 frange,
1017 3360 1174 3440 cibusque
1190 3364 1295 3424 cadet.

366 3471 410 3534 Ut
426 3469 583 3530 concham
599 3466 715 3544 lanies,
736 3472 797 3546 'pro
814 3465 939 3530 viribus
950 3476 1040 3529 utere
1051 3487 1163 3529 seusu:
1272 3484 1278 3488 ·

405 3575 516 3647 Hanc,
532 3567 560 3630 si
575 3570 658 3630 celsa
675 3569 777 3650 cadit,
794 3589 891 3633 saxea
904 3571 1031 3657 franget
1045 3574 1175 3633 humusr

365 3677 414 3738 Dc
428 3695 461 3736 se
478 3683 563 3738 tutus
578 3673 695 3752 homo,
711 3674 897 3738 submersus
916 3672 1045 3734 turbine
1058 3672 1193 3758 linguae

405 3777 550 3842 Corruit:
567 3789 599 3841 et
612 3775 724 3846 foricis
739 3779 799 3847 ista
813 3779 959 3861 procella
972 3775 1068 3860 rapit.
1124 3795 1127 3803 ’
1270 3797 1311 3840 ιο
