2916 4790
512 362 779 463 nrnnni
902 443 906 450 .

207 559 392 618 Nocturnus
404 571 478 614 curn
495 547 550 611 fur
563 563 683 630 penem
695 543 831 608 misisset
848 547 947 630 Cani,

161 664 306 728 Obiecto
321 669 446 722 tentans
465 673 511 717 an
527 653 604 716 cibo
615 652 716 734 possit
730 652 821 734 cupit

159 769 276 845 Heus,
296 761 417 844 inquit,
428 758 576 844 linguam
587 755 637 818 vis
656 773 762 816 meum
774 756 1003 838 praecludere,
1101 755 1118 818 ⁵

158 875 213 935 Ne
223 873 340 932 latrem
350 886 411 950 pro
426 885 462 927 re
472 859 620 926 domini?
634 861 775 922 multum
789 859 919 924 falleris.

159 979 315 1054 Namque
327 973 387 1035 ista
400 969 506 1034 subita
519 985 574 1030 me
586 966 678 1030 iubet
693 965 879 1053 benignitus
985 998 988 1007 ·

157 1079 329 1169 Vigiiare,
348 1075 448 1140 facias
461 1095 504 1139 ne
522 1091 596 1136 mea
608 1073 704 1154 culpe
721 1074 862 1135 lucrum.

375 1268 681 1346 FABULA
730 1268 902 1342 XXIV.

357 1425 507 1503 'nunu
535 1431 780 1502 nuern'nr
809 1429 904 1498 uos.

152 1560 283 1690 Iners,
298 1614 464 1690 potentem
479 1608 560 1668 dnm
574 1606 645 1666 vult
658 1601 797 1686 imitari,
818 1603 913 1685 perit.

195 1717 242 1776 In
254 1724 349 1795 preto
363 1714 531 1795 quondam
546 1713 640 1774 Runa
660 1709 828 1794 conspexit
843 1713 984 1793 Bonum,

153 1823 217 1900 Et,
238 1815 457 1880 tactainvidii
477 1823 587 1877 tantae
603 1813 857 1901 magnitudinis,

153 1922 337 2006 Rugosam·
344 1918 471 1982 inflavit
485 1919 625 2000 pellem:
642 1928 712 1979 turn
730 1928 823 1981 natos
833 1937 910 1984 suos

154 2024 393 2111 Interrogavit,
412 2045 456 2087 an
471 2027 559 2088 Bove
574 2034 656 2088 esset
668 2023 776 2090 latior.
1094 2027 1113 2090 6

155 2129 218 2192 1Ηί
235 2143 406 2214 negarunt.
424 2134 548 2194 Rursus
566 2130 708 2193 intendit
724 2139 832 2194 mitem

153 2233 288 2300 Maiore
300 2235 386 2312 nisu;
407 2244 439 2298 et
457 2234 556 2297 simili
570 2236 728 2315 quaesivit
742 2238 857 2317 modo,

157 2341 245 2426 Quis
261 2341 366 2402 maior
377 2347 467 2402 esset.
485 2337 540 2401 Illi
553 2340 720 2421 dixerunt,
738 2343 871 2415 Bovem.

156 2446 344 2522 Novissime
355 2445 541 2532 indignate,
559 2447 638 2506 dum
655 2446 732 2509 vult
742 2445 884 2512 validius

157 2555 281 2618 Inflare
297 2573 383 2637 sese,
402 2563 500 2635 rupto
511 2551 613 2615 iacuit
627 2571 775 2643 eorpore.

320 2675 690 2810 ‚innuen
738 2734 883 2809 xxv,

350 2909 495 2964 CANIS
522 2909 580 2962 ET
606 2909 927 2987 CQRCODILUS.

159 3021 346 3134 Consrnrt
364 3065 422 3147 qui
438 3067 517 3130 dent
534 3083 636 3150 prava
656 3065 759 3130 uentis
773 3066 983 3151 nominibus,

156 3172 198 3232 Et
211 3173 355 3252 perdunt
372 3190 507 3254 operum
514 3216 523 3252 ,
535 3183 569 3234 et
581 3171 771 3249 deridentur
782 3170 930 3253 turpiter.

199 3277 304 3338 Canes
321 3277 487 3339 currentes
498 3276 613 3339 bibere
628 3275 665 3338 in
682 3274 758 3338 Nilo
773 3275 925 3359 flumine,

158 3375 380 3442 Acerronius
395 3399 438 3442 ne
454 3377 642 3462 rapiuntur,
662 3379 818 3441 traditum
831 3387 888 3442 eet.

158 3475 264 3560 Igitur
276 3499 350 3540 curn
368 3501 500 3544 currens
512 3479 624 3544 bibere
643 3479 800 3560 coepisset
814 3479 926 3562 canti,
1086 3481 1104 3544 5

162 3577 215 3645 Sic
235 3583 441 3646 Corcodilus:
459 3588 567 3669 Quam
585 3583 664 3650 libet
678 3582 788 3646 lambe
803 3583 890 3668 otio,

160 3677 380 3760 Noli‚vereri.
403 3687 444 3748 At
453 3683 684 3758 illerihoerem
699 3681 903 3763 mehercule,

161 3781 232 3844 Nisi
248 3803 315 3848 esse
327 3785 442 3851 scirem
462 3786 567 3856 earnis
586 3795 616 3848 te
634 3786 790 3868 cupidum
803 3801 903 3850 meae.
