2750 4782
390 411 445 474 156
700 401 1015 476 ANONYMI

385 545 569 629 Inq'uit‚Ne
578 545 705 606 valeam
717 561 827 606 morsu
838 561 974 625 peccare
985 539 1129 624 diurno,

424 651 541 718 Vincla
554 651 672 712 diurna
690 649 777 728 fero,
798 660 891 716 nocte
906 647 1038 710 iubente
1056 667 1192 734 vagor.

295 826 303 849 χ
385 759 493 826 Verba
502 758 612 837 Lupus
624 754 745 816 reddit:
758 755 831 815 Non
840 762 886 816 eat
899 753 982 816 mihi
996 754 1092 836 copia
1105 752 1209 818 tanti
1214 799 1229 837 ,
1319 755 1342 817 ri

426 865 468 925 Ut
481 861 552 924 fieri
561 882 672 926 servus
689 860 812 924 ventris
825 881 939 924 amore
955 861 1063 924 velim.

384 966 493 1031 Ditior
503 977 549 1028 est
562 966 646 1028 liber
659 964 826 1028 mendicus
839 964 941 1026 divite
950 986 1054 1028 servo.

424 1075 541 1136 Servus
554 1074 725 1132 habetnec
736 1089 787 1149 se,
806 1088 867 1132 nec
878 1089 953 1146 sua3
973 1070 1058 1132 liber
1072 1073 1200 1136 habet.

308 1199 312 1206 ·
385 1173 546 1255 Libertas,
557 1174 732 1255 praedulce
741 1174 879 1254 bonum,
892 1175 980 1234 bona
992 1184 1097 1236 cetera
1108 1175 1259 1238 condit:
1358 1189 1359 1196 ’

292 1351 294 1370 Ι
387 1281 498 1364 ‘Qua
508 1279 570 1341 nisi
582 1277 750 1358 conditur,
766 1275 815 1338 nil
829 1279 914 1358 sapit
930 1298 1002 1339 esca
1020 1279 1113 1340 mihi.
1307 1296 1333 1340 rc

382 1384 528 1448 Libertas
542 1384 646 1448 animi
656 1383 748 1446 cibus
758 1393 821 1463 cst,
841 1393 873 1448 et
884 1402 958 1444 vera
972 1384 1146 1466 voluptas:

423 1493 496 1574 Qua
510 1491 569 1570 qui
581 1490 671 1552 dives
684 1488 760 1567 erit,
778 1486 878 1550 ditior
889 1508 955 1550 esse
969 1487 1092 1568 nequit.

382 1594 466 1658 Nolo
479 1597 564 1658 velle
574 1615 680 1658 meam
691 1615 752 1676 pro
768 1594 857 1676 turpi
867 1590 1006 1656 vendere
1019 1597 1138 1656 lucro:

421 1706 488 1764 Has
502 1699 560 1783 qui
572 1689 795 1788 vendit'opes‚
807 1704 861 1766 hic
873 1701 938 1788 agit
952 1711 989 1764 ut
1004 1702 1045 1765 sit
1060 1702 1176 1785 inops.

381 1807 454 1869 Non
464 1807 549 1868 bene
562 1827 623 1889 pro
636 1816 704 1870 toto
715 1805 847 1870 libertas
861 1805 1014 1870 venditur
1028 1825 1126 1886 auro,
1303 1803 1326 1864 ri

420 1912 493 1976 Hoc
505 1913 644 1976 coeleste
653 1915 778 1976 honum
790 1910 945 1995 praeterit
957 1909 1152 1994 orbieopes.

1340 76 1347 225 t

1343 324 1355 554 t

1353 594 1357 700 t

633 2085 1073 2198 arandara

496 2272 551 2330 DE
578 2279 734 2336 VENTRE
764 2278 812 2328 ΕΤ
840 2276 998 2330 CETERIS
1027 2275 1231 2330 MEMBRIS·

382 2392 554 2506 lacustri
563 2441 654 2506 avidi
670 2462 727 2526 pes
742 2453 774 2506 et
788 2462 905 2508 manue
920 2442 986 2506 otia
999 2441 1137 2504 ventris:

421 2546 542 2610 Omnia
554 2550 641 2612 solus
652 2549 752 2613 habes
766 2551 874 2630 lucra,
895 2551 1009 2612 labore
1024 2567 1148 2610 carens.

381 2655 446 2716 Nos
459 2654 553 2718 labor
566 2654 728 2732 edomuit3
746 2665 776 2718 tc
789 2655 871 2720 fovit
885 2653 1023 2736 inertia,
1042 2655 1157 2718 sorbes

422 2737 562 2837 Omnia,
582 2779 666 2836 quae
680 2759 783 2823 nostri
801 2779 878 2822 cura
894 2758 1014 2822 laboris
1030 2755 1118 2818 emit.

381 2856 476 2921 Disce
483 2858 557 2947 ,pati
568 2859 664 2923 famis
677 2880 751 2925 acre
768 2862 901 2948 iugum,
915 2864 968 2924 vel
980 2859 1067 2924 disce
1080 2859 1196 2921 labori
1312 2851 1325 2912 5

421 2968 576 3051 Credere,
596 2978 691 3049 teque
706 2969 754 3031 tui
770 2990 848 3033 cura
863 2969 985 3040 laberis
996 2972 1071 3032 alat.

381 3070 432 3138 sic
445 3073 553 3136 ventri
566 3073 689 3138 servire
702 3084 839 3162 negant:
855 3095 890 3138 se
906 3086 1021 3138 venter
1034 3074 1169 3137 inanem

423 3182 604 3264 Comperit,
622 3167 694 3243 orat
706 3199 819 3263 opem,
837 3178 886 3242 nil
899 3179 1063 3241 datavara
1075 3195 1210 3238 manus.

380 3283 440 3344 Ille
450 3303 561 3362 preces
574 3283 684 3360 iterat;
703 3281 822 3346 iterum
833 3281 917 3370 fugit
925 3283 983 3345 illa
996 3288 1200 3365 precantem.

421 3389 461 3448 In
477 3390 638 3452 stomachi
648 3381 751 3454 fundo
765 3380 888 3474 torpet,
903 3391 1037 3471 obitque
1052 3393 1160 3454 calor:
1302 3408 1329 3449 ro

382 3491 475 3558 Victa
492 3491 578 3556 fame
593 3496 817 3585 naturafu'git‚
836 3499 885 3562 vis
896 3498 987 3562 arida
1000 3499 1108 3562 fauces

422 3598 571 3679 Obscrat,
587 3605 618 3660 et
631 3598 763 3663 solitum
772 3591 845 3666 'non
855 3603 933 3666 sinit
949 3603 998 3666 ire
1014 3602 1135 3664 cibum.
1169 3651 1173 3664 .

381 3704 460 3768 Vult
472 3706 583 3790 epulas
593 3709 671 3769 dare
681 3727 754 3770 sera
764 3729 896 3772 manus:
916 3710 973 3770 sed
986 3707 1129 3790 corporis
1144 3710 1249 3794 aegri

420 3811 549 3876 Perdita
560 3834 627 3894 nola
637 3834 790 3898 reparans
806 3816 976 3898 machina,
993 3824 1061 3878 tota
1079 3812 1174 3897 perit.
