2910 4786
424 429 502 503 Du
536 429 844 504 PHAEDRO.
1008 453 1113 507 xxxv

96 669 97 676 χ
159 615 244 664 cum
256 614 317 662 rex
330 589 462 664 Galliae
475 591 612 674 bellum
632 593 669 664 in
680 593 824 668 Batavos
832 583 1031 684 instrueret.
1051 597 1116 670 Vi·

160 701 207 773 de
216 700 340 774 Artem
353 701 533 777 metricam
545 701 591 774 ab
604 703 726 798 aliquo
735 729 757 776 e
766 701 843 776 Soc.
852 707 915 774 les.
927 705 996 778 iam
1008 729 1114 800 quar-

160 827 239 882 turn
252 810 383 882 editam
391 809 717 885 ViennaeAuetriae
731 833 831 904 1703.
845 813 923 884 8.in
935 839 1009 908 quo
1020 814 1114 890 libro
1138 859 1145 873 ·
1198 849 1201 854 ·

160 944 237 1017 pag.
248 935 328 1012 274.
340 919 459 991 fabula
470 921 528 992 illa
537 923 604 994 sub
613 908 723 994 titulo
736 925 917 1023 appendicis
930 923 1115 1024 odsabulas

157 1029 302 1100 Phaedri
323 1054 363 1102 ex
383 1030 590 1131 Bibliotheca¹
603 1031 771 1107 Leidensi.
796 1049 967 1127 tanquam
994 1055 1116 1106 exem·

158 1140 263 1234 plum
278 1138 519 1233 descriptionis
533 1145 694 1235 poeticae
706 1194 716 1229 ,
727 1141 866 1215 bellum
878 1152 998 1215 'contra
1015 1141 1116 1214 Bata·

154 1269 252 1326 ,vosa
268 1245 380 1318 Gallis
388 1247 518 1322 initum
533 1275 563 1322 a.
579 1249 691 1339 1670,
710 1249 897 1348 allegorico
909 1250 1039 1348 mytho
1053 1275 1116 1322 ex·

157 1357 343 1450 ponentis,
362 1359 496 1460 integra
508 1361 643 1460 legitur.
659 1361 701 1432 In
716 1361 875 1434 editione
888 1359 1116 1436 Burmannia·

158 1491 204 1538 na
217 1491 295 1566 pag.
310 1492 353 1542 so
356 1494 388 1560 5.
403 1487 439 1544 et
452 1496 529 1570 pag.
540 1495 621 1580 3²⁵·
637 1489 673 1545 et
686 1473 742 1561 iis,
756 1497 850 1568 quae
860 1471 1027 1568 deinceps
1036 1497 1115 1545 earn
1194 1554 1197 1564 Ι

157 1593 296 1648 secutae
316 1594 417 1667 sunt,
442 1593 610 1650 accessere
630 1579 770 1652 fabulae
789 1579 973 1674 quinque,
1000 1605 1019 1650 a
1041 1579 1117 1652 Gu-

158 1684 220 1756 dio
236 1711 256 1756 e
270 1685 337 1758 Ms.
353 1686 561 1760 Divionensi
583 1688 796 1784 descriptam
813 1706 858 1774 et
876 1688 1031 1759 numeris
1047 1686 1116 1758 suis

155 1793 336 1884 redditae,
365 1795 511 1888 quaein
533 1797 708 1890 prioribus
724 1796 976 1868 desiderantur.
1002 1795 1115 1887 Credi·

156 1903 279 1981 derim,
303 1931 382 1977 eum
391 1908 523 2006 plures.
543 1907 664 2002 inquit
681 1905 927 1991 Burmannus,
947 1930 990 1977 eso
1009 1904 1113 1978 eodem

157 2013 267 2088 Codice
285 2015 504 2115 descripsisse:
526 2001 600 2086 norit
624 2007 691 2086 sitis
709 2013 966 2113 autographum.
988 2038 1029 2084 ex
1053 2037 1113 2109 quo

156 2147 214 2194 nos
227 2149 281 2194 eos
298 2123 498 2199 exhibemus.
512 2145 548 2196 ur
562 2123 965 2223 omnibusferiportibus.
980 2124 1028 2192 ito
1042 2147 1115 2194 ma-

157 2235 244 2300 xime
258 2233 292 2301 in
302 2237 375 2325 fine
396 2234 536 2324 Iapetum
557 2252 587 2302 et
605 2234 755 2303 mutilum
778 2248 870 2306 erut,
892 2249 924 2302 et
938 2231 1038 2328 plura
1050 2231 1112 2327 so·

158 2339 227 2412 lia.
241 2339 353 2434 quibus
356 2337 496 2436 sabulos
509 2341 612 2411 adhuc
625 2339 777 2435 quasdam
794 2340 1028 2435 exscripserat.
1053 2339 1114 2430 (ut

157 2448 257 2544 ipsiru
270 2470 384 2515 manus
397 2449 437 2516 in
454 2449 557 2542 capite
563 2451 687 2545 primae
701 2443 938 2542 iniussabutae
953 2447 1111 2519 testarier.

154 2580 258 2652 quoe.
287 2559 319 2626 si
341 2557 414 2628 bene
434 2559 583 2631 memini.
610 2555 748 2649 triginta
773 2578 874 2624 novas
899 2567 931 2621 et
953 2575 1113 2646 nunquam

155 2667 258 2736 editos
281 2669 314 2736 in
339 2665 399 2736 lios
417 2665 548 2738 chartas
569 2666 608 2737 ob
629 2671 696 2764 ipso
722 2667 879 2734 coniectos
899 2659 1111 2760 indicabat.)

157 2774 437 2849 desiderabantur.
458 2791 490 2844 et
509 2775 649 2844 abscisso
662 2795 727 2842 esse
744 2770 943 2870 videbuntur.
969 2765 1065 2839 Forte
1079 2787 1112 2844 et

158 2885 217 2956 hoe
231 2883 401 2980 aliquando
417 2884 578 2956 claustra,
594 2881 705 2978 quibus
720 2882 941 2950 continentur.
961 2901 1111 2974 perrum-

152 3011 239 3093 pent.
256 2994 438 3093 'Phaedrus
451 2992 525 3087 ipse
541 2993 578 3062 in
601 2991 724 3062 limine
743 2989 823 3060 libri
841 2987 947 3080 primi
969 2987 1109 3074 innuit,

60 3157 62 3160 -
88 3145 91 3150 ·
156 3102 298 3173 arbores
315 3102 448 3187 etiam,
473 3120 546 3170 non
567 3097 678 3170 modo
693 3097 798 3182 feras,
824 3097 1014 3188 loquentes
1034 3119 1053 3165 a
1073 3119 1110 3166 se

109 3195 120 3201 ’
157 3197 327 3282 inductas.
349 3211 396 3280 At
408 3209 445 3280 in
459 3208 608 3298 fabulis,
630 3231 722 3298 quae
743 3221 901 3292 exstant,
927 3204 1046 3308 nullae
1057 3227 1111 3272 ar·

157 3319 259 3402 bores
273 3321 495 3412 loquuntur,
519 3332 765 3412 praeterquam
780 3314 816 3385 in
832 3335 901 3382 una
920 3314 998 3416 iiia,
1016 3337 1110 3406 quae

156 3451 176 3497 a
199 3425 321 3498 Gudio
342 3447 476 3520 reperta
500 3443 559 3497 est.

95 3589 97 3594 ·
155 3569 360 3623 et‘festivitatem
373 3570 537 3638 apologorum
549 3583 613 3619 suo·
654 3563 748 3634 Aesop.
758 3579 860 3616 sunum
870 3559 1108 3630 anhemiir768.

156 3664 212 3704 rum
223 3649 309 3700 verius
320 3667 393 3716 quam
404 3649 480 3700 Gabr.
491 3648 613 3699 Fse'rnunr
653 3648 775 3700 editam
790 3645 853 3700 Vol.
867 3645 889 3699 t.
905 3641 1009 3712 praefat.
1026 3662 1053 3696 n.
1067 3661 1118 3723 ης

155 3727 285 3782 Phaedrum
293 3733 389 3782 anetum
397 3730 526 3782 dicendum
537 3741 613 3794 purat
650 3745 708 3800 pag.
717 3744 746 3798 33
760 3743 815 3796 seq.

156 3808 245 3864 franc·
260 3809 313 3864 los.
328 3810 475 3864 Desbillons
490 3809 516 3860 in
535 3809 630 3865 rub:

524 3937 756 3960 muna—ss

999 3765 1021 3818 't

1114 3728 1128 3784 i
