2848 4792
334 502 371 561 επ
530 471 759 584 rursum
779 470 1085 552 aluumrtun
1202 521 1207 536 ·

568 706 870 782 FABULA
918 707 1043 780 X'Vl.
1147 707 1157 718 ‘

487 839 811 954 suannun'ron
836 817 892 938 ru
920 885 1123 938 unurnr.

330 1001 431 1112 Con
446 1045 486 1108 de
499 1043 636 1108 fortunis
649 1045 783 1126 quidam
795 1054 985 1127 quereretur
998 1039 1087 1130 suis}

328 1153 472 1233 Aesopus
489 1151 583 1214 finxit
595 1152 786 1242 cqpsolandi
800 1139 923 1237 gratia:

369 1261 492 1322 Vexata
508 1255 610 1321 saeuis
628 1258 721 1321 navis
740 1256 1000 1340 tempestatibus,
1085 1281 1087 1284 ·

327 1363 416 1424 Inter
431 1372 598 1425 vectorum
610 1362 760 1426 lacrimas
776 1373 805 1424 et
820 1363 920 1425 moris
939 1371 1077 1444 metum,

324 1467 454 1530 Faciem
466 1469 507 1529 ad
521 1487 667 1529 serenam
679 1469 788 1532 subito
800 1479 835 1530 ut
848 1477 992 1531 mutatur
1002 1466 1086 1548 dieu,

326 1576 417 1636 Ferrl
435 1577 584 1640 secundis
600 1586 668 1639 tuta
686 1576 952 1666 coepulantibus,
1059 1609 1063 1618 ·

296 1749 304 1766 ³
325 1681 499 1761 Nimiaque
512 1691 627 1745 nantas
638 1682 801 1772 hilaritate
816 1684 982 1746 extollere.

325 1789 440 1849 Factus
455 1787 579 1868 periclo
596 1795 665 1850 tum
677 1783 884 1850 Gubernator
896 1788 1017 1870 sophus
1025 1807 1040 1848 :1

230 1871 236 1880 ¹
325 1894 425 1954 Parce
437 1894 579 1978 gaudere
595 1902 739 1975 oportet,
756 1890 921 1974 etsensim
937 1889 1049 1972 queri,

324 1983 441 2062 Totam
454 1999 532 2084 quia
542 1999 645 2062 vitam
656 1999 770 2066 miscet
780 2002 875 2068 dolor
886 2010 918 2064 et
929 1998 1099 2087 gaudium
1132 1979 1134 1988 ¹

539 2165 1054 2312 rasurarum.

477 2397 643 2450 CANUM
670 2397 852 2450 LEGATI
880 2397 939 2452 Ao
964 2397 1119 2452 IOVEM·
1188 2350 1193 2365 l

323 2505 454 2617 szs
465 2550 587 2634 legatos
601 2549 680 2612 olim
695 2548 812 2614 misere
829 2550 872 2612 ad
885 2543 1016 2630 lovem,

321 2649 465 2712 Melioris
481 2648 566 2713 vitae
580 2658 706 2732 tempus
718 2659 847 2712 oratum
861 2669 960 2730 suae,

321 2755 364 2815 Ut
381 2775 448 2817 sese
465 2755 605 2836 eriperet
616 2754 790 2818 hominum
802 2755 1027 2836 contumeliis,

318 2857 510 2922 Furfuribus
524 2856 586 2921 sibi
599 2879 808 2940 conspersum
822 2859 912 2939 quod
927 2877 1047 2940 panem
1063 2855 1196 2938 darent,
1247 2865 1256 2888 '·

318 2962 477 3044 Fimoque
492 2964 580 3047 turpi
592 2963 768 3046 maximam
785 2965 952 3046 explerent
968 2941 1097 3028 fameni.
1246 2957 1264 3019 ὅ

318 3065 458 3133 Prole'eti
470 3082 546 3134 sunt
557 3071 655 3160 legati
670 3091 738 3134 non
752 3069 849 3135 celeri
864 3072 966 3151 pede,

317 3179 404 3239 Dum
422 3180 554 3243 naribus
571 3189 871 3244 scrutanturescam
882 3176 918 3239 in
930 3186 1081 3240 stercore·

240 3265 245 3272 ¹
317 3278 413 3341 Citati
432 3301 498 3342 non
512 3284 721 3364 respondent.
737 3282 803 3346 vix
814 3282 945 3342 tandem
957 3275 1084 3343 invenit

315 3383 378 3444 Eos
389 3366 582 3463 Mercurius,
596 3395 628 3446 et
644 3388 789 3448 turbatos
806 3380 948 3446 attrahit.

314 3489 399 3548 Tum
411 3503 489 3546 vero
500 3485 627 3545 vultum
640 3485 751 3569 magni
764 3497 799 3547 ut
810 3486 963 3548 viderunt
979 3481 1080 3568 Iovis,
1225 3497 1263 3541 1⁰

312 3594 429 3655 Totam
445 3589 592 3652 timentes
609 3599 825 3652 concacarunt
837 3590 974 3674 regiam.

312 3694 462 3776 Propulsi
474 3713 551 3756 vero
563 3693 718 3773 fustibus,
734 3697 860 3760 vadunt
877 3696 980 3759 foras:

311 3801 406 3859 Vetat
422 3795 542 3859 dimitti
558 3817 696 3882 magnus
712 3799 786 3860 illos
799 3798 933 3888 Iupiter.

263 3883 267 3892 ’
310 3898 436 3984 Mirati,
452 3899 514 3968 sibi
527 3903 650 3990 legatos
665 3924 734 3968 non
746 3905 918 3987 revertier,
