2848 4792
517 431 720 494 LIBER
760 433 827 498 lv.

193 573 334 656 Sedilli,
351 573 409 656 qui
421 572 596 658 invitatur,
610 597 678 660 nou
689 577 749 658 qui
763 577 886 642 invisus
897 588 953 644 cst.
1050 591 1054 598 '

192 685 275 746 Aras
287 683 488 762 frequentas:
503 703 623 767 nempe
636 683 794 769 abigeris,
807 704 874 766 quo
884 685 986 751 venis.

193 789 300 872 Reges
311 805 562 867 commemoras,
577 799 610 852 et
621 799 846 850 matronarum
859 790 985 863 oscula3

193 892 299 972 Super
308 889 403 954 ctiam
416 890 532 972 iactas,
551 901 658 978 tegere
669 893 759 973 quod
776 894 872 954 debet
887 895 1004 974 pudor.

191 993 285 1056 Nihil
300 996 447 1058 laboras:
464 995 556 1076 ideo,
575 1017 651 1060 cum
662 1008 818 1080 opocen,
836 999 883 1061 nil
902 1001 1012 1064 habes.
1105 999 1143 1068 15

192 1103 264 1186 ligo
273 1121 411 1186 granum
422 1101 458 1163 in
468 1099 611 1164 hiemem
623 1122 699 1164 cum
708 1102 851 1169 studiose
869 1121 1031 1188 congero,
1055 1102 1061 1116 '

191 1207 243 1268 Te
253 1204 336 1268 circa
349 1199 481 1268 muru'm
495 1206 585 1288 pasci
595 1205 693 1286 rideo
701 1205 851 1270 stercore.

188 1317 320 1377 Aestate
332 1314 536 1391 melaccssis3
556 1333 631 1376 cum
642 1315 759 1375 bruma
770 1323 835 1394 est,
849 1311 933 1376 sites.

143 1421 154 1430 ’
187 1417 280 1482 Mori
297 1426 492 1481 contractam
509 1439 583 1482 cum
601 1429 632 1482 te
647 1429 767 1506 cogunt
778 1418 920 1504 frigora,

186 1529 248 1588 Me
265 1524 394 1608 copiosa
409 1524 523 1608 recipit
539 1525 740 1588 incolumem
756 1507 884 1586 domus:
1094 1501 1134 1584 so

185 1627 274 1692 Satis
288 1627 432 1711 profecto
447 1627 554 1692 retudi
567 1627 765 1710 superbiam.
1162 1633 1166 1642 '

232 1735 361 1813 Fabella
375 1733 446 1796 talis
457 1732 631 1794 hominum
646 1730 800 1794 discernit
818 1737 911 1796 notas

185 1837 331 1914 Eorum,
347 1834 402 1914 qui
418 1854 452 1896 se
468 1834 557 1898 falsis
574 1843 693 1896 ornant
711 1833 876 1913 laudibus,

186 1939 231 1999 Et
241 1955 380 2018 quorum
395 1935 498 1999 virtus
515 1935 647 1999 exhibet
660 1935 804 1998 solidum
818 1936 927 1998 decus.

356 2133 701 2208 *FABULA
749 2134 921 2210 XXIV.

355 2305 563 2362 almoruoes
587 2311 614 2362 Α
639 2311 723 2376 uns
753 2311 968 2402 SERVnTUS·

188 2414 384 2556 Qurmms
401 2466 548 2528 valerent
561 2463 647 2528 inter
658 2465 808 2528 homines
824 2464 955 2554 literae,

184 2569 264 2632 Dixi
275 2551 437 2653 superius:
456 2579 595 2651 quantus
611 2591 700 2633 nunc
716 2567 782 2632 illis
795 2571 902 2650 honos

183 2676 213 2734 A
228 2659 360 2756 Stiperis
369 2676 409 2740 sit
426 2675 582 2757 tributus,
595 2678 721 2739 tradam
732 2673 922 2737 memoriae.

226 2776 406 2844 Simonides
418 2779 507 2842 idem
520 2780 645 2863 ille,de
658 2799 725 2861 quo
737 2776 851 2859 retuli,
1007 2770 1011 2776 ’

179 2879 309 2948 Victori
323 2887 451 2950 laudem
464 2886 595 2951 cuidam
609 2891 731 2970 Pyctae
746 2896 782 2949 ut
793 2885 966 2967 scriberet,
1108 2881 1127 2943 ὅ

178 2992 280 3052 Certo
296 2991 449 3054 conduxit
462 2993 588 3074 pretio:
604 3002 764 3057 secretum
776 2984 868 3076 petit.
972 3069 978 3076 .

176 3092 309 3178 Exigue
323 3115 401 3158 cum
411 3096 555 3160 frenaret
569 3096 705 3158 materia
717 3095 898 3178 impetum,

176 3199 264 3260 Usus
277 3202 406 3282 poetae,
420 3207 458 3260 ut
474 3197 575 3262 moris
591 3207 655 3282 cst,
670 3195 816 3276 licentit,

132 3287 136 3294 ’
177 3304 285 3380 Atque
298 3301 490 3384 interposuit
503 3299 637 3388 gemine
651 3301 758 3362 Ledae
774 3299 900 3381 sidera,

179 3404 411 3470 Auctoritatem
426 3405 542 3470 similis
558 3407 701 3469 referens
713 3404 851 3492 gloriae»
1089 3421 1128 3464 ¹⁰
1228 3477 1230 3480 .

179 3504 274 3585 Opus
286 3506 491 3589 approbarim
505 3511 563 3572 scd
579 3509 738 3574 mercedis
752 3510 881 3573 tertiam
1093 3509 1096 3516 ⁴

178 3607 319 3687 Accepit
329 3618 462 3690 partem.
480 3615 563 3674 Cum
579 3613 746 3694 reliqiium
762 3620 926 3694 posceret,

178 3706 246 3787 Illi,
265 3708 387 3792 inquit,
402 3712 554 3792 reddent,
570 3735 710 3792 quorum
727 3725 802 3778 sunt
815 3717 928 3777 laudes
942 3715 1036 3776 duae.

179 3808 322 3891 Verum,
340 3822 376 3874 ut
387 3833 429 3876 ne
436 3811 519 3876 irate
528 3813 696 3884 dimissum
710 3825 747 3879 te
758 3815 914 3897 scum,
