2848 4792
329 458 387 503 ιω
536 396 1064 503 resvrrrvrsur

326 583 417 652 Haec
430 589 540 644 tamen
552 588 628 643 ante
640 576 720 642 alias
731 579 822 662 rupit
833 567 1019 662 turpisiima
1036 598 1168 664 vocem,

367 692 455 752 Dum
469 683 598 774 generis
615 689 738 753 crimen
755 689 802 752 sic
817 692 949 752 abolere
965 689 1069 774 cupit:

327 795 451 878 Iupiter
461 796 526 856 hoc
538 793 639 873 norit,
657 803 787 856 maneat
802 793 939 858 victoria
955 794 984 858 si
1001 799 1115 882 quem,

233 883 235 888 Ι
367 902 495 966 Iudicio
502 911 657 984 *superest
672 901 825 964 omnibus
842 901 902 965 iste
917 923 1003 964 mec.

327 1009 415 1094 Ergo
427 1029 499 1072 mos
510 1007 711 1090 hominiest,
722 1007 882 1088 quidquid
890 1007 954 1072 sihi
962 1009 1074 1084 fecerit
1086 1009 1175 1092 ipse,
1246 1013 1287 1076 15
1407 1005 1408 1018 ¹

356 1116 442 1180 -Vire
454 1117 531 1179 licet
546 1105 689 1197 maneat,
707 1119 898 1200 comprobat
911 1117 982 1200 ipse
997 1127 1116 1180 tamen.

327 1227 412 1288 Nolo
423 1225 505 1290 velis
520 1243 631 1288 rerum
643 1223 824 1306 quidquam
839 1226 973 1288 laudare
988 1234 1135 1307 tuarum,

367 1331 508 1396 Alterius
520 1331 585 1397 nisi
600 1341 675 1398 sunt
691 1351 748 1395 ore
764 1333 901 1414 probata
914 1331 1015 1414 prius.

574 1533 878 1609 FABULA
927 1533 1019 1606 XV.

618 1721 738 1777 GRUS
765 1723 822 1777 ET
848 1722 983 1775 PAVO.

329 1844 545 1960 Tnntrornu
558 1888 726 1976 rolucqenr
739 1892 842 1953 tertur
854 1887 1011 1951 Iunonius
1026 1888 1094 1951 ales'

368 1991 544 2059 Communi
555 1997 676 2061 sociant
689 1997 894 2060 continuasse
909 1996 993 2058 cibo.

226 2141 231 2156 -
329 2105 476 2186 Namque
488 2105 573 2167 inter
586 2105 692 2168 varias
708 2095 814 2169 tuerat
830 2103 992 2167 discordia
1006 2099 1143 2184 formas,

367 2213 554 2298 Magnaque
571 2213 611 2275 de
628 2211 718 2275 sacili
732 2212 838 2298 iurgia
851 2211 908 2275 lite
927 2215 1074 2274 trahunt:

328 2297 426 2402 Quod
440 2315 503 2381 sibi
514 2317 709 2381 multimodo
719 2319 882 2405 fulgerent
893 2321 1038 2382 membra
1050 2320 1182 2398 decore,
1261 2315 1281 2377 ⁵

369 2426 562 2488 Caeruleum
572 2424 715 2489 facerent
725 2424 826 2488 livida
844 2437 934 2511 terga
948 2446 1073 2511 gruem.
1411 2391 1412 2486 i

326 2527 366 2592 Et
381 2532 479 2594 simul
492 2541 617 2596 erectae
629 2533 834 2596 circumdans
848 2532 989 2620 tegmina
1002 2532 1123 2594 caudae
1139 2533 1142 2548 '

364 2636 530 2719 Sparserat
541 2657 697 2702 arcanum
711 2659 822 2702 rursus
839 2636 873 2701 in
890 2648 976 2701 astra
988 2636 1093 2700 iubar.

249 2755 253 2762 '
326 2735 388 2805 illa
403 2743 479 2806 iicet
492 2745 585 2806 nullo
597 2764 783 2826 pennarum
802 2753 900 2808 certet
915 2745 1059 2824 honore,

366 2854 426 2919 His
440 2865 548 2918 tamen
558 2845 718 2938 insultans
733 2855 867 2918 vocibus
882 2874 938 2920 usa
953 2857 1064 2916 datura
1237 2873 1278 2916 ιο

327 2959 485 3048 Quemvis
494 2963 686 3033 innumerus
694 2967 824 3048 plumas
844 2961 1018 3026 variaverit
1033 2964 1131 3043 ordo,

366 3072 491 3134 Mersus
503 3070 598 3135 humi
609 3091 738 3156 semper
754 3069 871 3158 florida
883 3081 974 3155 terga
987 3066 1084 3154 geris.

325 3177 383 3241 Ast
397 3177 617 3261 ego'dcformi
634 3178 782 3244 sublimis
795 3179 831 3241 in
845 3183 921 3241 aera
936 3196 1060 3260 penna,

367 3283 519 3346 Proxima
532 3286 693 3372 sideribus
708 3287 981 3369 numinibusque,
997 3287 1094 3348 feror.

326 3387 361 3451 Si
379 3389 520 3468 quadam
533 3389 654 3452 virtute
665 3374 764 3476 nites,
780 3415 824 3456 ne
837 3393 965 3476 despice
984 3405 1198 3470 quemquam,
1234 3389 1272 3448 15

365 3491 414 3554 Ex
430 3490 496 3556 alia
514 3493 658 3574 quadam
671 3495 828 3582 forsan—et
841 3489 912 3582 ipse
927 3495 1019 3566 nitet.
