2848 4792
194 705 559 831 ‘ruhvn
609 613 956 828 AVIAINI

239 1107 242 1114 y
315 881 864 1056 PRAEFATIO

165 1567 168 1572 ,
274 1487 527 1563 AVIANUS
553 1489 901 1563 THEODOSIO.

115 1629 194 1798 D
200 1748 385 1801 uonsnrr
407 1733 512 1817 mihi,
529 1728 709 1802 Theodosi
729 1733 884 1828 optime,
900 1749 1061 1823 quonam

115 1847 293 1920 literarum
310 1853 417 1920 titulo
439 1852 548 1922 nostri
567 1855 721 1922 nominis
738 1852 943 1922 memoriam
961 1872 1062 1918 man·

67 2045 69 2050 .
118 1967 297 2055 daremus,
313 1970 511 2040 fabularum
526 1986 642 2041 textus
653 1973 820 2052 ¹occurrit:
838 1969 940 2062 quod
955 1969 991 2037 in
1009 1967 1062 2036 his

119 2088 252 2158 urbane
272 2105 443 2181 concepta
463 2088 585 2158 falsitas
607 2089 747 2176 deceat,
768 2107 803 2160 et
823 2113 897 2160 non
921 2091 1061 2158 incum-

118 2202 178 2311 lrat
198 2205 375 2275 necessitas
389 2207 548 2277 veritatis.
577 2206 671 2276 Nam
690 2207 768 2300 quis
789 2223 908 2277 tecum
923 2207 968 2274 de
983 2229 1060 2274 ora·

117 2321 235 2407 tione,
247 2323 324 2414 quis
335 2324 379 2394 de
392 2337 554 2418 poemate
567 2328 797 2418 loqueretur?
816 2328 949 2399 cumin
965 2327 1061 2394 utro&

63 2458 72 2481 ’
117 2469 189 2534 que
203 2425 381 2522 literarum
395 2469 521 2545 genere
533 2467 567 2520 et
576 2449 707 2520 Atticos
720 2452 847 2522 Graeca
862 2448 1060 2520 eruditione
1082 2485 1085 2491 ·

115 2588 272 2658 superes,
286 2587 321 2638 et
335 2569 518 2642 Latinitate
534 2571 720 2642 Romanos.
750 2573 865 2642 Huius
882 2594 964 2665 ergo
984 2591 1061 2636 ma·

32 2675 36 2682 ¹
117 2688 1060 2785 teriaeducemnobishesopumnoveris,quiresp0n·
1126 2701 1139 2736 e

116 2830 153 2874 so
168 2806 332 2900 Delphici
346 2807 519 2903 Apollinis
535 2811 692 2883 monitus
708 2813 855 2884 ridicula
874 2835 968 2882 orsus
987 2816 1070 2894 est,‘
1123 2906 1125 2910 .

116 2947 156 2999 ut
174 2931 321 3026 legenda
340 2933 502 3004 firmaret.
524 2935 659 3008 Verum
675 2937 812 3030 haspro
828 2927 994 3026 exemplo
1007 2931 1058 3000 fa·
1143 3004 1151 3020 ,

114 3051 211 3120 bulas
225 3071 259 3122 et
272 3052 428 3126 Socrates
443 3052 569 3127 divinis
583 3060 748 3150 operibus
762 3059 912 3143 indidit,
925 3073 961 3126 et
974 3065 1057 3148 po‘e·

115 3180 197 3248 mati
217 3203 280 3250 suo
300 3181 441 3252 Flaccus
459 3183 609 3275 aptavit;
633 3182 731 3274 quod
745 3182 781 3250 in
796 3204 853 3267 se,
872 3177 939 3248 sub
960 3177 1058 3248 ioco·

115 3321 192 3367 rum
209 3302 457 3374 communium
474 3304 608 3396 specie,
623 3306 715 3373 vitae
727 3317 930 3398 argumenta
942 3299 1057 3370 conti-

116 3439 237 3491 neant:
261 3448 346 3514 quas
367 3425 503 3496 Graecis
523 3427 647 3496 iambis
667 3424 809 3495 Babrius
824 3438 1003 3516 repetens,
1018 3424 1057 3492 in
1092 3459 1097 3470 ·

116 3531 189 3607 duo
203 3539 385 3648 volumina
402 3546 582 3628 coartavit3
601 3545 775 3616 Phaedrus
790 3545 896 3614 etiam
916 3559 1054 3639 partem

114 3660 264 3752 aliquam
280 3665 442 3758 quinque
459 3670 496 3736 in
515 3669 652 3740 libellos
666 3672 814 3744 resolvit.
838 3668 894 3737 De
906 3669 957 3737 his
972 3691 1054 3763 ergo

59 3885 65 3892 .
114 3787 159 3859 ad
173 3789 398 3889 quadraginta
412 3811 447 3864 et
462 3794 545 3866 duas
563 3796 601 3866 i'n
617 3820 731 3866 unum
752 3793 904 3865 redactas
921 3792 1053 3864 fabulas
1115 3780 1118 3790 ¹
