2848 4792
316 416 355 490 ⁵4
394 487 398 494 .
513 407 737 475 PHAEDRI
757 409 1063 472 rnnouanon
1118 437 1119 442 κ

550 631 852 726 rnuuta
900 654 1026 730 xrx.

559 845 729 900 uunrrs
757 811 814 896 a'r
840 841 1018 896 unaco.

313 969 477 1104 Vunrrs,
491 1011 598 1074 cubile
613 1007 758 1088 fodiens,
772 1009 850 1069 dum
865 1013 982 1069 terram
1000 993 1098 1087 eruit,
1122 999 1124 1006 '
1239 1001 1246 1012 '

312 1123 452 1207 Agitque
466 1124 578 1204 plures
592 1118 687 1182 altius
702 1117 884 1198 cuniculos,
1010 1209 1012 1214 ,

313 1232 463 1295 Pervenit
475 1233 517 1293 ad
530 1230 687 1330 Draconis
699 1230 887 1312 speluncam
903 1225 1072 1309 ultimam,

226 1353 229 1358 ’
313 1338 521 1401 Custodiebat
536 1337 592 1418 qui
604 1341 770 1400 thesauros
780 1337 917 1399 abditos.

305 1438 410 1512 *stunc
419 1449 517 1512 simul
531 1448 695 1531 adspexit:
714 1450 802 1529 Oro,
818 1458 855 1508 ut
866 1445 1103 1531 imprudentiae

313 1560 378 1624 Des
389 1560 533 1644 primum
541 1561 688 1638 veniam
704 1560 839 1642 deinde,
850 1559 878 1624 si
885 1561 1023 1646 pulchre
1035 1561 1125 1624 vides
1132 1605 1143 1642 ‚

312 1672 420 1754 Quam
433 1692 500 1734 non
513 1648 709 1736 conveniens
721 1691 838 1735 aurum
848 1671 889 1734 sit
901 1670 987 1734 vitae
1000 1692 1107 1753 meae,

195 1811 197 1816 ¹
275 1827 277 1830 -
311 1783 520 1864 Respondeas
538 1784 729 1846 clementer:
750 1787 859 1868 Quem
870 1785 1011 1846 fructum
1024 1782 1129 1864 capis.

309 1892 384 1984 Hoc
395 1913 435 1953 ex
445 1893 575 1975 labore,
590 1897 719 1975 quodve
730 1904 857 1958 tantum
869 1904 916 1958 est
925 1893 1121 1976 praemium,

311 2005 354 2064 Ut
365 2020 473 2068 careas
487 2025 617 2088 somno,
634 2017 665 2069 et
678 2026 796 2070 aevum
810 2007 846 2068 in
860 2005 1001 2069 tenebris
1011 2005 1142 2088 exigas?

311 2089 464 2196 Nullum‚'
473 2115 582 2196 inquit
592 2115 665 2178 ille:
681 2137 795 2180 verum
805 2117 869 2178 hoc
879 2134 899 2174 a
908 2132 1037 2178 summo
1046 2111 1130 2175 mibi

311 2225 390 2288 Iove
400 2225 588 2288 attributum
599 2234 656 2288 est.
671 2227 757 2310 Ergo
769 2244 830 2286 nee
841 2222 942 2286 sumis
953 2222 1029 2303 tibi,

311 2333 378 2392 Neo
388 2330 449 2392 ulli
464 2334 565 2394 donas
577 2331 781 2412 quidquam?
792 2332 844 2394 Sic
857 2331 931 2394 fatis
943 2333 1058 2414 placet.
1111 2366 1115 2382 ι

241 2476 245 2491 ‹
310 2439 395 2500 Nolo
413 2437 577 2522 irascaris,
594 2439 698 2503 libere
711 2440 739 2502 si
756 2439 888 2518 dixero=

310 2542 369 2613 Dis
380 2555 426 2612 e'st
434 2549 523 2615 iratis
532 2561 644 2632 natus,
657 2549 714 2631 qui
728 2561 775 2614 est
788 2549 904 2613 similis
916 2549 985 2613 tibi.
1029 2537 1032 2543 ‘

350 2659 506 2722 Abiturus
519 2659 612 2741 illuc,
628 2679 693 2739 quo
707 2659 832 2740 priores
846 2659 1013 2745 abierunt,

311 2769 400 2852 Quid
417 2779 526 2831 mente
539 2788 634 2832 caeca
650 2769 802 2832 miserum
819 2781 948 2851 torques
961 2773 1135 2854 spiritum?

236 2957 241 2966 ἱ
310 2878 387 2941 Tibi
400 2877 488 2959 dieu,
510 2880 630 2960 Arare,
645 2879 807 2964 gaudium
816 2881 944 2942 heredis
961 2880 1025 2962 tui,

309 2987 377 3073 Qui
390 2997 460 3051 ture
471 3009 619 3072 superos,
633 2981 740 3072 ipsum
757 3001 788 3054 te
803 2993 933 3056 fraudas
946 2993 1036 3072 cibo;

250 3117 252 3122 ·
309 3097 376 3180 Qui
387 3097 482 3160 tristis
492 3101 586 3165 audis
602 3101 763 3169 musicum
775 3103 916 3166 citharae
925 3124 1058 3182 sonum3

308 3211 415 3292 Quem
429 3211 582 3274 tibiarum
593 3224 735 3289 macerat
743 3203 944 3294 iocunditas5

309 3316 531 3396 Opsoniorum
541 3323 645 3402 pretia
663 3323 715 3384 eui
730 3324 889 3408 gemitum
903 3326 1109 3408 exprimunt;

307 3423 391 3508 Qui,
401 3427 481 3488 dum
492 3431 688 3508 quadrantes
699 3451 832 3517 aggeras
844 3433 1042 3517 patrimonio
1049 3481 1060 3521 ,

306 3539 443 3602 Goelum
454 3537 569 3623 fatigas
582 3543 714 3606 sordido
726 3545 888 3626 periurio;

307 3641 374 3728 Qui
385 3642 589 3711 circumcidis
600 3668 732 3714 omnem
746 3653 926 3739 impensam
936 3659 1063 3746 funeri,
1161 3637 1166 3646 ¹

306 3759 451 3840 Libitina
461 3783 504 3827 ne
515 3763 595 3845 quid
608 3765 649 3830 de
660 3775 715 3830 tuo
729 3768 826 3834 faciat
844 3771 938 3835 lucri.

1238 1443 1256 1531 ⁵.
