2750 4782
323 428 379 490 17⁰
525 363 529 378 ’
624 399 979 476 runcrrsrnr
1121 413 1270 487 ωε.

294 603 296 608 .
320 555 403 618 Cum
415 549 552 628 inimico
561 571 659 616 nemo
672 552 707 615 in
721 553 860 638 gratiam
877 562 946 616 tuto
961 551 1056 618 redit.
1075 559 1078 570 '
1185 541 1188 546 ¹

320 657 403 718 Cum
413 656 493 720 vitia
506 667 661 742 prosunt,
676 665 789 740 peccat
808 655 867 736 qui
884 665 971 720 recte
984 655 1073 720 facit.
1130 650 1135 661 '

319 769 570 880 Dauurnrest
581 809 771 894 obiurgare,
782 828 856 871 cum
868 805 993 870 auxilio
1003 818 1050 870 est
1060 827 1162 890 opus.

181 953 189 966 ·
301 991 304 1004 Ι
320 897 474 978 Damnati
485 915 599 1002 lingua
612 933 726 977 vocem
737 915 851 994 habet,
868 912 936 974 vim
951 913 1145 976 nonhabet.

320 1021 486 1082 Damnum
498 1019 731 1102 appellandum
745 1026 791 1079 est
804 1035 879 1078 cum
896 1018 985 1077 mala
995 1017 1081 1078 fama
1090 1017 1256 1082 lucrum.

321 1125 504 1205 Damnum,
521 1123 585 1187 nisi
599 1145 640 1188 ex
655 1121 874 1200 abundantia,
888 1117 964 1184 rar'o
979 1121 1077 1184 venit.

321 1229 401 1293 Dari
417 1232 543 1294 bonum
556 1231 646 1312 quod
659 1220 780 1311 p'otuit,
798 1225 922 1290 auferri
937 1235 1053 1312 potest.
1120 1297 1124 1318 ¹
1142 1305 1144 1313 Ι

235 1407 239 1415 ¹
322 1335 475 1398 Didicere
491 1337 568 1399 flere
581 1334 724 1398 feminae
738 1332 775 1396 in
793 1331 1011 1396 mendacium.

322 1438 372 1499 De
385 1435 519 1500 inimico
536 1458 578 1504 ue
593 1421 739 1518 loqua'ris
751 1437 853 1517 male,
874 1440 932 1501 sed
944 1437 1076 1524 cogites·

322 1543 543 1604 Deliberando
559 1541 693 1606 discitur
708 1542 879 1625 sapienda.

324 1643 546 1706 Deliberando
563 1663 659 1725 saepe
675 1644 761 1726 perit
778 1646 917 1710 occasio.

323 1746 579 1810 Deliberandum
592 1757 641 1811 est
653 1747 727 1830 diu,
746 1753 837 1831 quod
850 1749 1255 1814 statuendumestsemeh
1359 1825 1360 1836 χ

324 1856 514 1919 Deliberare
529 1855 643 1937 utilia,
658 1877 750 1920 mora
769 1856 928 1925 tutissima
941 1868 998 1921 cst.

323 1965 467 2034 Demens
478 1975 540 2046 est,
556 1964 703 2051 quisquis
715 1974 857 2047 praestat
868 1963 974 2026 crr‘ori
988 1961 1105 2024 fidem.

324 2071 413 2132 Deos
426 2068 534 2134 ridere
551 2072 665 2150 credo,
683 2087 759 2131 cum
775 2067 855 2131 felix
865 2081 968 2132 vocat.
1233 2071 1287 2130 162

325 2176 500 2258 Despioere
513 2186 658 2260 oportet,
680 2179 768 2257 quod
787 2176 892 2260 possis
911 2179 1097 2259 deperdere.

326 2279 403 2344 Dies
420 2283 509 2362 quod
523 2284 639 2362 donat,
658 2279 786 2358 timeas3
802 2281 867 2345 cito
882 2292 1011 2364 raptum
1025 2278 1126 2342 venit.

305 2443 307 2457 ,
326 2383 425 2448 Dives
439 2387 529 2464 quod
546 2387 664 2467 donat,
679 2385 808 2462 timeam
829 2384 893 2449 cito
906 2395 1035 2468 raptum
1049 2383 1150 2446 venit.

326 2483 501 2568 Difficilem
512 2490 636 2552 habere
646 2497 775 2571 oportet
787 2495 901 2552 aurem
912 2491 955 2550 ad
968 2485 1115 2550 crimina.

326 2592 508 2662 Dimisaum
526 2599 616 2677 quod
634 2597 794 2678 nescitur,
813 2617 880 2659 uon
895 2594 1065 2658 amittitur.

327 2692 515 2781 Discipulua
533 2710 582 2763 est
596 2700 715 2782 prio'ris
729 2701 888 2783 posterior
904 2698 983 2762 dies.

328 2803 498 2867 Discordia
513 2801 550 2866 fit
562 2805 671 2866 carior
682 2806 869 2868 concordia.

328 2907 476 2989 Dicente,
494 2908 585 2990 quod
596 2906 723 2984 audias,
738 2927 850 2987 omne3
871 2912 960 2990 quod
973 2910 1100 2988 credas,
1111 2905 1236 2988 proba.

247 3048 249 3056 ι
329 3013 393 3076 Diu
403 3014 630 3096 apparandum
643 3021 690 3076 est
701 3003 840 3094 bellum,
858 3023 894 3077 ut
905 3014 1016 3078 vincas
1034 3011 1183 3076 celerius.

329 3103 549 3182 Dolor'auimi
560 3117 693 3204 gravior
708 3128 772 3199 est,
783 3138 881 3198 quarn
896 3115 1043 3201 corporis
1055 3116 1164 3177 dolor.

327 3225 433 3285 Dolor
443 3222 615 3302 decrescit,
629 3221 704 3303 ubi,
716 3243 783 3304 quo
799 3234 935 3304 crescat,
956 3243 1023 3286 non
1038 3222 1149 3283 habet.

330 3323 430 3386 Ducis
443 3323 479 3386 in
491 3324 630 3390 consilio
641 3327 747 3408 posita
761 3337 809 3392 est
820 3325 924 3396 virtus
937 3326 1089 3388 militnm.

331 3429 436 3492 Dulce
448 3429 546 3493 etiam
558 3432 679 3517 fugias,
693 3434 787 3513 *quod
798 3431 871 3496 fieri
880 3452 1028 3496 amarum
1041 3438 1159 3512 potest.

332 3533 419 3594 Dum
433 3532 499 3596 vita
511 3542 604 3620 grata
616 3543 664 3600 est
672 3579 682 3614 ,
701 3537 815 3600 mortis
829 3535 974 3602 conditio
988 3535 1112 3620 optima
1123 3543 1184 3598 est.

332 3637 518 3752 Errucnnr
530 3683 759 3770 cupiditatem,
774 3709 914 3774 regnum
926 3697 974 3750 est
988 3685 1130 3748 vincere.

333 3781 414 3884 Eget
428 3793 538 3860 minus
558 3791 718 3878 mortalis,
735 3807 802 3880 quo
821 3794 930 3859 minus
944 3794 1044 3878 cupit.
