2916 4790
367 482 406 546 44
564 462 785 526 PHAEDRI
813 461 1114 526 FABULARUM

366 604 509 669 Involvit
524 625 558 666 se
575 601 696 684 farina,
715 610 747 663 et
760 603 897 664 obscuro
914 603 987 674 loeo

365 711 491 790 Abiecit
507 707 719 794 negligenter.
735 709 825 786 Mus,
844 727 950 768 escam
961 716 1096 790 putans,

364 813 515 892 Assiluit,
532 825 563 874 et
580 831 780 892 compressus
793 809 947 873 occubuit
960 811 1050 874 neci:

364 923 454 982 Alter
465 916 614 981 similiter
624 915 738 1002 periit,
754 915 872 982 deinde
885 926 922 990 et
932 917 1054 980 tertius.

364 1009 502 1103 Aliquot*
510 1019 639 1101 secutis,
658 1019 747 1082 venit
760 1030 792 1080 et
807 1019 1004 1110 retorridus,

330 1139 343 1154 ‘
364 1124 430 1209 Qui
446 1145 542 1205 saepe
560 1126 693 1203 laqueos
707 1132 738 1183 et
750 1119 932 1201 muscipula
947 1115 1124 1206 effirgerat:

322 1255 326 1270 =
363 1227 546 1306 Proculque
557 1225 690 1288 insidias
704 1243 838 1288 cernens
852 1223 952 1286 hostis
971 1223 1100 1306 callidi,

362 1331 416 1396 Sic
426 1334 549 1414 valeas,
561 1331 669 1414 inquit
674 1376 684 1413 ,
697 1342 734 1392 ut
746 1329 913 1420 farinam,
925 1351 1008 1410 quae
1020 1328 1113 1394 iaces·

618 1536 646 1608 F
672 1534 703 1604 Α
729 1537 756 1604 Β
781 1537 813 1606 U
836 1536 866 1608 L
892 1537 923 1606 A
970 1537 1054 1613 ΙΙΙ.

640 1639 814 1751 vorsis
843 1701 899 1752 rr
926 1703 1035 1760 uve,

362 1806 474 1918 Fruar
486 1856 596 1910 coacta
609 1833 723 1932 Vulpis
735 1852 800 1912 alta
815 1851 850 1914 in
870 1853 968 1916 vinea

254 1959 258 1978 '
359 1953 464 2014 Uvam
475 1953 662 2036 appetebat,
677 1953 812 2015 summis
830 1954 949 2017 saliens
965 1954 1100 2019 viribus.

361 2050 467 2142 Quam
484 2067 664 2143 tangerent
679 2078 747 2119 non
763 2057 886 2142 potuit,
904 2060 1073 2123 discedens
1086 2058 1147 2121 ait:

347 2165 512 2224 -Nondum
529 2174 655 2244 matura
670 2173 731 2244 est,
748 2165 826 2226 nolo
838 2168 991 2246 acerbam
1004 2185 1148 2228 sumere.

400 2255 483 2351 Qui,
497 2269 603 2332 facere
619 2255 703 2350 quae¹
719 2291 786 2334 non
800 2283 952 2354 possunt,
968 2271 1234 2360 verbisyelevant²
1289 2269 1306 2340 5

358 2373 626 2438 Adscribe1·ehoc
640 2377 807 2440 debebunt
824 2380 1012 2462 exemplum
1028 2374 1101 2442 sibi.
1189 2371 1200 2388 ‘

618 2575 937 2650 rnnurn·
979 2567 1101 2648 tv.=

636 2749 792 2828 nouus
819 2751 875 2801 nr
902 2731 1033 2802 drus.

356 2875 486 2991 Eouos
500 2918 613 2980 sedare
623 2915 735 2979 solitus
749 2930 815 2996 quo
831 2917 937 2979 fuerat
947 2915 1049 2996 sitim,

356 3027 444 3086 Dum
455 3044 523 3086 sese
532 3023 619 3104 Aper
631 3023 772 3104 volutat,
786 3023 928 3086 turbavit
943 3024 1080 3118 vadunn

355 3130 442 3194 Hinc
458 3140 529 3192 orta
545 3128 586 3192 lis
603 3138 660 3194 est.
681 3128 833 3212 Sonipes,
846 3129 949 3192 iratus
960 3130 1047 3211 fero,

355 3235 523 3300 Auxilium
539 3237 632 3320 petiit
644 3237 803 3300 hominist
825 3259 923 3318 quem
938 3240 1034 3300 dorso
1045 3240 1176 3320 levans,

354 3338 464 3400 Rediit
477 3341 520 3400 ad
531 3343 669 3404 hostem.
685 3342 779 3406 Iactis
792 3345 881 3406 hune
900 3343 970 3406 tdis
987 3365 1085 3425 eques
1166 3355 1168 3380 '
1281 3337 1300 3400 5

174 3509 180 3526 ,
255 3484 258 3489 -
354 3447 529 3526 Postquam
542 3446 720 3530 interfecit,
740 3450 785 3513 sie
801 3452 929 3516 locutus
948 3453 1103 3515 traditur:

353 3549 487 3630 Laetor,
504 3547 613 3612 tulisse
631 3549 790 3613 auxilium
807 3575 859 3617 me
876 3554 1026 3637 precihus
1045 3555 1124 3631 tuis;

354 3655 436 3714 Nam
449 3655 603 3734 praedam
621 3655 708 3738 cepi,
728 3669 761 3720 et
775 3659 891 3741 didici,
909 3681 1008 3741 quarn
1024 3661 1067 3724 sis
1084 3660 1181 3724 utilis·
1293 3685 1298 3696 ·

352 3759 515 3839 Atque'ita
526 3765 631 3850 eo'egit
650 3765 759 3830 frenos
774 3767 915 3830 invitum
928 3768 1007 3851 pati.
1025 3785 1031 3825 ’.
1052 3791 1053 3794 ’

353 3865 439 3930 Turn
456 3876 597 3930 moestus
613 3867 686 3932 ille:
703 3872 825 3934 Parvae
843 3870 1020 3934 vindictam
1037 3870 1086 3936 rei
1262 3891 1300 3934 ro
