2916 4790
343 464 382 522 40
543 444 766 506 ruuunnr
786 407 1093 510 rnuuiuuuu

339 590 455 672 Ignem
468 608 546 672 ergo
560 608 735 670 quaerens,
752 589 876 668 aliquot
889 589 1039 654 lustravit
1054 595 1188 674 domos3

340 697 551 773 Tandemque
569 696 709 777 invenit,
723 698 781 760 ubi
794 701 964 762 lucernam
974 704 1176 766 accenderet·

339 803 423 861 Tum
438 801 616 864 circueunti
631 804 736 866 fuerat
755 806 844 884 quod
858 802 919 866 iter
934 806 1091 892 longius,
1269 814 1291 873 5

154 963 156 972 ,
225 927 234 936 ·
337 902 452 969 Effecit
471 909 617 972 brevius:
635 931 777 991 namque
787 922 875 974 recta
889 935 948 994 per
961 915 1072 977 forum

339 1015 454 1096 Coepit
470 1015 587 1078 redire.
605 1020 644 1080 Et
655 1017 787 1099 quidam
805 1041 823 1082 e
843 1025 937 1084 turba
957 1027 1127 1106 garrulus:

337 1125 480 1205 Aesope,
496 1124 606 1186 medio
619 1125 700 1206 sole,
715 1125 795 1204 quid
811 1145 884 1188 eum
902 1128 1051 1190 lumine?

337 1227 531 1310 Hominem,
543 1230 666 1311 iuquit,
679 1247 817 1310 quaero,
831 1239 864 1292 et
876 1231 956 1294 abiit
969 1233 1124 1298 festinans
1140 1233 1288 1300 domum.

376 1329 449 1392 Hoc
458 1331 489 1393 si
500 1335 654 1397 molestus
668 1333 725 1396 ille
738 1336 780 1395 ad
792 1335 938 1396 animum
956 1339 1083 1418 retulit,
1247 1367 1286 1406 ιο

334 1433 440 1496 Sensit
455 1439 617 1520 prolecto,
632 1440 842 1502 sehominem
859 1461 926 1503 non
938 1444 1044 1506 visum
1055 1446 1141 1530 seni,

312 1537 564 1634 ‘intempestive
580 1545 637 1625 qui
654 1557 813 1629 occupato
829 1549 984 1611 alluserit.

600 1692 1012 1814 retrodus

333 1884 534 1997 Surrnsunr
547 1935 646 2019 mihi,
657 1960 741 2020 quae
752 1940 908 2025 scribam,
920 1948 975 2012 sed
985 1965 1084 2028 pareo
1097 1949 1217 2016 sciens:
1234 2021 1238 2037 ι

327 2016 494 2120 Primum,
510 2061 578 2106 esse
591 2065 632 2105 ue
644 2046 705 2109 tibi
718 2047 829 2108 videar
844 2051 1026 2132 molestior,

319 2138 501 2229 'Distringit
517 2167 615 2225 quem
625 2153 805 2214 multarum
817 2176 929 2217 rerum
940 2158 1096 2240 varietas3

329 2247 429 2334 Dein,
447 2250 474 2314 si
493 2252 566 2332 quis
582 2258 695 2318 eadem
713 2259 798 2321 forte
814 2254 928 2324 conari
945 2265 1039 2346 velit,

326 2349 457 2412 Habere
472 2363 509 2415 ut
525 2357 625 2436 possit
641 2359 767 2440 aliquid
781 2363 889 2445 operis
904 2365 1035 2429 residui.

229 2446 236 2460 '
328 2451 486 2532 Quamvis
503 2460 659 2544 materiae
677 2475 765 2526 tanta
777 2467 921 2530 abundet
932 2471 1041 2553 copia,

325 2555 445 2618 Labori
461 2561 553 2625 saber
564 2571 599 2628 ul
615 2569 712 2651 desit,
731 2592 799 2638 non
810 2574 904 2636 fabro
918 2578 1022 2639 labor.
1039 2569 1041 2574 ’

324 2663 477 2740 Brevitati
492 2683 621 2734 nostrae
636 2677 818 2756 praemium
835 2690 870 2740 ut
882 2685 1010 2764 reddas,
1024 2692 1120 2770 peto,
1153 2707 1156 2716 ’

214 2808 220 2826 .
324 2771 423 2852 Quod
435 2795 469 2836 es
484 2778 663 2856 pollicitus:
681 2785 799 2856 exhibe
811 2789 900 2851 vocis
913 2788 1022 2853 fidem.

323 2874 482 2963 Namvita
493 2882 591 2943 morti
602 2886 739 2967 propior
752 2891 798 2952 est
811 2893 976 2972 quotidie:

321 2985 361 3049 Et
374 2991 438 3051 hoc
454 2989 561 3055 minus
572 2998 741 3076 perveniet
753 3001 795 3061 ad
809 3002 862 3062 me
875 3003 1033 3090 muneris,

319 3091 394 3170 Quo
408 3095 481 3173 plus
492 3111 659 3164 consumet
675 3103 830 3186 temporis
845 3107 970 3171 dilatio.
990 3110 993 3120 '

317 3193 352 3252 Si
367 3193 430 3258 cito
444 3219 514 3261 rem
531 3225 683 3290 perages,
703 3229 778 3270 usus
791 3209 846 3271 fiet
858 3213 1006 3297 longior:

225 3315 228 3322 ¹
317 3297 420 3356 Fruar
433 3297 568 3382 diutius,
589 3305 616 3366 si
630 3305 765 3370 celerius
780 3331 908 3391 cepero,

297 3425 301 3436 ·
315 3403 515 3486 Languentis
527 3407 600 3468 aevi
613 3412 692 3472 dum
705 3421 780 3474 sunt
793 3415 921 3496 aliquae
940 3420 1115 3509 reliquiae,

314 3508 446 3570 Auxilio
455 3512 546 3573 locus
560 3521 625 3574 est:
639 3513 719 3576 olim
730 3519 822 3581 senio
839 3523 981 3587 debilem

244 3685 246 3697 Ι
306 3601 445 3676 Ἑωεῑτα
460 3613 615 3679 adiuvare
631 3619 759 3684 bonitas
771 3622 891 3688 nitetur
902 3639 973 3706 tua3

243 3702 245 3716 ’
314 3726 396 3784 Cum
409 3722 475 3784 iam
490 3725 621 3790 desierit
639 3747 706 3796 esse
723 3731 883 3808 beneficio
899 3737 1005 3822 utilis,

310 3829 351 3894 Et
368 3850 456 3896 mors
476 3833 585 3899 vicina
604 3837 763 3924 flagitabit
783 3843 939 3908 debitum.
