2750 4782
275 501 278 512 x
384 433 924 517 SENTENTIAE.v.179.
987 453 1041 512 17¹

79 569 183 642 Eheu
201 593 300 657 quam
309 574 464 640 miserum
476 587 541 658 cst,
552 573 624 638 fieri
635 575 811 640 metuendo
821 576 952 638 senem!

80 684 217 764 Eodem
229 681 341 746 auimo
350 681 546 744 beneficium
557 682 710 762 debetur,
726 700 794 761 quo
806 681 913 750 datur,

81 785 227 868 Eripere
236 786 359 862 telum,
379 802 448 846 non
463 784 541 845 dare
553 783 654 864 irato,
671 785 773 846 decet.
825 813 833 829 ι

82 889 147 951 Est
167 886 337 970 cupiditati
353 885 468 968 etipsa
485 887 578 948 tarda
597 886 755 951 celeritas.
771 882 774 888 ’

82 995 148 1058 Est
161 977 247 1059 socia
264 992 379 1056 mortis
392 991 521 1056 homini
533 991 600 1054 vita
613 991 766 1080 ingloria.

76 1103 148 1164 AEst
164 1102 259 1163 turba
271 1119 401 1182 semper
418 1109 649 1186 argumentum
663 1098 805 1184 pessimi·

85 1205 131 1266 Et
151 1201 319 1266 calamitas
335 1203 463 1266 virtutis
480 1213 527 1268 est
540 1204 677 1268 occasio.

86 1307 132 1366 Et
145 1307 237 1368 deest
247 1314 279 1368 ct
292 1313 424 1388 superat
441 1304 567 1368 miseris
582 1305 752 1391 cogitatio·

87 1411 200 1472 Etiam
213 1413 338 1474 bonum
355 1410 483 1494 saepius
497 1413 588 1476 obest
599 1415 799 1480 adsuescere.

88 1518 200 1580 Etiam
214 1520 351 1603 capillus
367 1541 452 1583 unus
466 1522 565 1582 habet
580 1523 733 1584 umbram
750 1543 855 1587 suam.

87 1627 199 1690 Etiam
217 1627 363 1690 celeritas
374 1627 410 1690 iu
425 1627 589 1692 desiderio
602 1648 695 1692 mora
707 1641 763 1696 est.

44 1783 48 1791 .
89 1731 199 1810 Etiam
208 1733 293 1796 hosti
303 1742 350 1796 est
358 1736 564 1815 aequus,qui
574 1737 672 1799 habet
682 1737 867 1808 inconsilio
876 1736 986 1807 fidem.

91 1834 200 1896 Etiam
213 1835 403 1898 innocentes
414 1837 502 1921 cogit
513 1839 646 1901 mentiri
660 1841 765 1903 dolor.

92 1939 201 2002 Etiam
210 1937 246 2002 in
257 1941 391 2020 peccato
406 1951 494 2004 recte
503 1951 684 2024 praestatur
696 1943 788 2008 fides.
821 1995 824 2002 r

93 2046 202 2109 Etiam
214 2043 382 2134 oblivisci,
399 2045 457 2127 qui
470 2043 526 2128 sis,
539 2047 706 2128 interdum
718 2050 860 2134 expedit.

95 2149 381 2235 Etiamoblivisci,
398 2155 488 2254 quod
498 2153 575 2235 scis,
588 2152 755 2216 interdum
770 2154 910 2240 expedit.
991 2167 1048 2236 194

96 2257 201 2320 Etiam
216 2256 274 2338 qui
285 2255 425 2337 iaciunt,
439 2261 580 2322 oderunt
588 2257 759 2340 iniuriam.

96 2359 202 2422 Etiam
219 2368 332 2425 sanato
346 2359 483 2420 vulnere
499 2357 634 2421 cicatrix
653 2370 773 2425 manet.

96 2469 202 2531 Etiam
216 2479 376 2552 tyrannus
388 2467 445 2530 vix
458 2467 607 2549 precario
624 2466 772 2550 imperat.

77 2571 137 2630 ⁴Et
153 2569 358 2650 miseriarum
375 2580 489 2650 portus
505 2578 553 2632 est
569 2568 735 2652 patientia.
776 2641 778 2647 y

100 2655 239 2738 Excelsis
255 2673 506 2754 multopfacilius
523 2695 615 2738 casus
631 2684 736 2738 nocet.

101 2778 250 2848 Exoritur
264 2797 365 2861 opere
381 2778 545 2862 nequitia,
565 2800 635 2842 non
648 2778 776 2862 incipit.

100 2885 146 2946 Ex
160 2885 333 2950 hominum
348 2893 483 2965 quaestu
499 2887 585 2948 facta
599 2887 741 2948 Fortuna
754 2893 803 2947 'est
814 2887 893 2949 oea

100 2987 240 3050 Exilium
254 2987 391 3070 patitur,
411 2988 536 3072 patriae
555 2983 660 3069 quise
675 2992 824 3076 denegat.

101 3097 146 3158 Ex
165 3096 222 3158 litc
237 3097 339 3157 multa
351 3093 458 3182 gratia
470 3093 507 3154 fit
518 3093 701 3157 formosior.

3 3213 6 3222 ·
101 3199 147 3260 Ex
161 3197 299 3279 praemii
311 3218 369 3279 spc
381 3195 505 3278 laboris
520 3195 558 3258 fit
575 3197 739 3259 solatium.

103 3301 252 3364 Extrema
267 3321 398 3384 semper
414 3303 456 3364 dc
471 3299 641 3365 antefactis
654 3277 810 3362 iudicant.

104 3405 148 3470 Ex
161 3405 241 3494 vitio
257 3405 389 3474 alterius
407 3403 537 3488 sapiens
549 3404 701 3468 emendat
712 3421 819 3466 suurn.

106 3549 292 3662 Ftcrutras
303 3591 407 3653 animi
419 3595 460 3654 ad
474 3602 600 3676 partem
613 3590 768 3656 stultitiae
781 3588 877 3672 rapit.

107 3691 245 3760 Facilius
262 3696 390 3777 crescit,
406 3719 505 3778 quam
519 3698 692 3762 inchoatur
706 3697 859 3782 dignitas.

108 3802 193 3870 Facit
206 3803 345 3890 gradum
361 3803 520 3884 Fortuna,
534 3823 632 3883 que-m
646 3819 745 3868 nemo
758 3797 857 3864 videt·
