2848 4792
340 445 395 504 ‚u
547 391 1072 504 sutv11tv1uu1

334 591 428 651 Tunc
444 606 497 650 me
511 577 657 648 nobilior
673 597 794 664 magno
806 574 1005 640 mercabitur
1020 577 1149 654 emtor,

375 694 422 753 Te
432 690 530 754 simul
542 709 616 750 aere
629 683 724 750 brevi
739 682 847 746 debile
864 682 982 766 vulgus
997 670 1090 742 emet.
1185 720 1188 724 -

336 796 490 882 Quisquis
509 795 551 856 ab
564 791 705 855 externis
717 809 824 892 ¹nupeu
834 785 1001 848 devenerit
1013 781 1095 866 oris,

376 902 451 962 Non
461 899 553 960 decet
566 890 730 980 indigenis
744 899 781 954 ut
799 887 878 951 velit
895 908 963 952 esse
976 887 1078 971 prior.

467 1028 471 1036 ’
524 1071 1093 1149 uAuuLAxxxlx

596 1215 743 1306 unus
769 1249 825 1302 uu·
851 1247 1034 1302 LITUUS.

339 1383 525 1494 Vovem
539 1421 667 1490 attritus
679 1427 848 1508 quondam
861 1447 921 1508 pet·
935 1422 1061 1506 proella
1075 1421 1175 1487 Miles

336 1547 340 1554 ·
380 1530 500 1594 Omnia
512 1531 688 1613 suppositis
705 1531 837 1616 ignibus
852 1550 943 1592 arma
964 1532 1061 1610 dare,

340 1636 401 1700 Vel
415 1655 500 1714 quae
511 1634 628 1698 victori
644 1635 787 1698 moriens
800 1635 864 1698 sibi
877 1634 1137 1714 turba'dedisset,

380 1740 442 1803 Vel
460 1738 623 1820 quidquid
639 1740 781 1826 profugo
795 1749 900 1823 posset
913 1740 954 1800 ab
969 1739 1061 1800 hoste
1076 1737 1160 1823 capi.

340 1843 468 1906 Interea
482 1844 566 1907 votis
580 1863 649 1908 sors
666 1843 790 1924 adfluit,
807 1853 839 1906 et
853 1863 979 1906 memor
989 1861 1081 1904 arma
1285 1844 1303 1906 5

382 1947 542 2027 Coeperat
553 1967 690 2010 accenso
702 1947 831 2032 singula
848 1947 933 2008 ferre
948 1962 1040 2030 rogo.

343 2051 436 2112 Tunc
449 2051 562 2115 Lituus
575 2071 674 2114 rauco
688 2051 865 2113 defendens
877 2067 1046 2112 murmure
1059 2047 1192 2128 culpam

385 2153 589 2216 Immeritum
603 2153 743 2216 flammis
757 2174 792 2216 se
804 2154 898 2216 docet
909 2170 976 2214 esse
987 2149 1085 2232 prius.

344 2260 441 2321 Nulla
455 2267 539 2340 tuos,
554 2259 679 2340 inquit,
695 2258 858 2343 petierunt
871 2260 936 2321 tela
953 2259 1109 2336 lacertos,

384 2363 517 2428 Viribus
530 2362 670 2431 affirmes
680 2386 765 2447 quae
783 2376 892 2428 tamen
908 2373 979 2426 acta
993 2361 1089 2439 meis3
1194 2393 1198 2398 ·
1261 2383 1301 2426 ιο

344 2473 405 2534 Sed
420 2479 546 2534 tantum
558 2472 663 2536 ventis
678 2481 710 2535 et
726 2471 873 2535 cantibus
891 2489 982 2532 arma
997 2467 1107 2554 co‘e‘gi,
1154 2471 1167 2482 ’

384 2577 474 2638 Haec
487 2595 618 2657 quoque
633 2577 797 2643 submisso.
807 2587 904 2640 testor
923 2587 955 2640 et
972 2587 1056 2641 astra
1071 2595 1165 2640 sono.

344 2684 405 2744 lile
418 2685 628 2746 resultantem
640 2684 779 2747 flammis
797 2681 1031 2766 crepitantibus
1042 2683 1182 2765 addens,
1277 2680 1286 2692 '

351 2872 354 2877 Ι
385 2791 452 2850 Nec
465 2797 496 2850 te
509 2789 630 2880 metior,
643 2790 708 2871 ait,
724 2809 832 2872 poena
845 2793 1004 2872 dolorque
1017 2788 1112 2872 rapit.

268 2897 271 2907 '
346 2899 430 2960 Nam
440 2895 516 2962 licet
527 2895 596 2981 ipse
607 2897 691 2968 nibil
703 2899 806 2981 possis
818 2907 959 2979 tentare,
977 2920 1039 2962 nec
1052 2917 1164 2975 ausus3
1260 2899 1295 2958 1⁵

385 3003 520 3070 Saevior
534 3009 616 3089 hoc,
629 3006 713 3071 alios
726 3007 816 3088 quod
830 3004 908 3070 facis
924 3022 992 3070 esse
1008 3003 1122 3067 malos.

598 3179 627 3250 F
650 3180 682 3251 A
707 3181 736 3251 B
760 3180 792 3250 U
816 3179 847 3250 L
871 3179 908 3250 A
951 3177 1035 3250 XL

575 3350 761 3405 vuius
788 3353 844 3405 Ετ
869 3349 1069 3405 Pennus.

347 3479 571 3592 Dtsnuows
581 3520 718 3584 maculis
731 3527 762 3582 et
773 3521 913 3601 pulchro
927 3541 1064 3605 corpore
1072 3521 1203 3586 Pardus

389 3623 677 3688 Inter'consimiles
690 3625 760 3688 ibet
778 3625 814 3689 in
829 3647 909 3691 arva
921 3630 1016 3692 feras.

348 3733 412 3797 Sed
425 3732 502 3813 quia
514 3734 605 3798 nulla
620 3751 734 3821 graves
744 3733 914 3796 'variarent
931 3744 1021 3830 tet-ga
1035 3736 1164 3817 leones,

389 3838 774 3908 Protinusbismiserum
784 3839 920 3910 credidit
930 3859 999 3905 esse
1010 3859 1125 3925 genus.
1160 3913 1163 3921 ¹
