2750 4782
220 430 822 518 sunrurtfrmaaaw.
938 440 1059 534 19³¹

22 583 183 662 Semper
193 576 282 640 vocis
294 585 325 640 et
335 575 458 641 silentii
474 584 768 660 temperamentum
784 588 868 641 tene.

22 690 162 750 Sermo
175 683 277 746 animi
289 694 335 748 est
345 683 471 770 imago:
484 683 592 764 qualis
601 683 668 764 vir,
680 682 753 746 talis
764 693 796 745 et
807 683 911 754 oratio
924 694 979 748 est.
1010 721 1015 730 ·

25 787 68 850 Si
83 784 207 849 multis
219 796 274 848 tua
283 785 351 848 vita
366 786 544 874 placuerit,
556 783 616 848 tibi
630 786 760 868 plaeere
770 804 838 847 nou
848 797 964 868 potest.
1025 823 1026 828 κ

27 897 120 960 Sine
132 896 250 958 dolore
261 904 307 959 est
318 896 453 977 vulnus,
464 897 554 977 quod
565 896 737 958 ferendum
747 895 981 960 cumvictoria.
997 881 1001 887 ⁵

29 1004 191 1086 Sipares
203 1003 463 1084 invitus,serrus
478 1023 525 1080 es3
541 1002 706 1084 minister,
715 1001 748 1068 si¹
757 1002 882 1066 volens.

16 1106 267 1210 ¹Solitudinem
282 1116 434 1190 quaerat,
445 1107 503 1188 qui
520 1111 590 1172 vult
607 1123 683 1171 cunr
701 1104 930 1179 innocentibus

598 1234 720 1276 vivere.
843 1282 845 1291 ,

35 1319 130 1380 Tam
143 1316 320 1380 crudelitas
331 1326 393 1397 est,
407 1317 577 1400 omnibus,
593 1326 690 1400 atque
705 1318 790 1382 nulli
801 1317 981 1406 ignoseere.

37 1421 131 1482 Tam
152 1421 256 1501 deest,
273 1422 363 1501 quod
379 1422 495 1504 habet,
511 1413 625 1498 avaro3
645 1440 746 1501 quam
759 1422 893 1506 misem,
912 1423 1002 1503 quod

135 1507 142 1516 ’
597 1547 665 1590 nou
679 1528 788 1590 habet.

40 1626 308 1692 Thesaurum·iu
326 1632 477 1717 sepulcro
492 1628 605 1712 ponit,
622 1629 680 1710 qui
695 1649 807 1694 senem
822 1629 979 1694 heredem

588 1732 677 1796 facit.

45 1832 286 1913 Tolerabilior,
296 1830 355 1913 qui
365 1832 451 1894 mori
462 1831 570 1913 iubet,
580 1854 679 1913 quarn
690 1834 748 1913 qui
760 1837 846 1897 male
854 1836 976 1898 vivere.

47 1937 275 2000 Tolerabilior
283 1956 404 2018 poena,
415 1938 505 2000 haud
515 1955 620 2018 posse,
630 1937 993 2016 quamnescirevivere.

49 2049 138 2122 Tuta
150 2063 265 2126 saepe,
276 2063 446 2124 nunquam
460 2063 588 2123 secura,
599 2045 686 2105 mala
703 2045 900 2108 conscientia
915 2057 972 2110 est.

52 2152 121 2212 Ubi
132 2150 177 2214 sis
190 2171 266 2212 cum
278 2149 357 2230 tuis,
368 2159 399 2211 et
409 2147 494 2211 absis
506 2147 627 2231 patria,
639 2168 712 2210 eam
723 2149 895 2214 desideres.

53 2255 133 2323 vita
144 2253 289 2340 hominis
304 2257 427 2334 brevis:
440 2255 516 2319 ideo
532 2258 668 2320 honesta
683 2275 772 2321 mors
785 2266 832 2320 est
840 2257 992 2322 immor·.
1029 2263 1035 2278 “

605 2359 730 2425 talitas.'

462 2475 482 2518 u
521 2477 541 2518 u
580 2477 602 2518 e

57 2559 113 2636 Hos
124 2595 256 2652 sequentes
270 2597 376 2646 versus,
387 2597 429 2651 qur
443 2597 468 2634 ru
483 2583 594 2636 editione
604 2582 768 2655 Scaligeriatta
781 2597 914 2654 apparent,
925 2583 952 2636 in
961 2600 1006 2637 sua

108 2665 149 2716 vei
167 2667 341 2714 immutaverat
359 2662 499 2725 Gruterus,
517 2665 558 2732 uel
574 2667 648 2732 plane
663 2665 788 2718 omiserat.
808 2659 847 2717 Ne*
863 2665 922 2734 quid
938 2664 1006 2718 forte

108 2743 194 2794 Publio
206 2741 396 2808 detraheretur,
406 2759 450 2796 eos
468 2743 602 2795 addidimus
614 2743 829 2814 Haverlrampium
844 2755 988 2812 sequentes·

61 2851 183 2912 Avarus
194 2847 323 2938 animus
337 2850 429 2911 nullo
440 2847 575 2912 satiatur
586 2850 689 2910 luero.
736 2879 742 2894 ·

62 2952 235 3012 Fortunam
248 2951 342 3015 citius
355 2954 407 3012 vel
422 2951 541 3032 rapias,
555 2971 654 3031 quarn
669 2949 816 3039 retineas.
892 2969 899 2984 ‘

64 3056 178 3131 Libido
188 3045 349 3120 indicium
361 3064 408 3118 est
423 3053 509 3137 eius,
519 3056 609 3132 quod
622 3053 737 3116 levitas
751 3051 847 3134 sapit.
910 3087 929 3120 ,ν

65 3160 187 3244 Lingua
199 3167 246 3220 est
256 3157 456 3238 maliloquax
467 3155 585 3219 meniis
597 3155 757 3219 indicium
771 3157 885 3221 malari
985 3177 991 3206 ι

67 3261 225 3326 Miseriam
238 3262 363 3328 nescire
373 3261 560 3345 propriam,
571 3271 617 3324 est
630 3261 700 3324 sine
713 3261 860 3344 periculo
869 3258 990 3324 vivere.

69 3369 138 3426 Non
151 3374 196 3426 est
207 3359 333 3447 beatus,
344 3385 411 3428 esse
423 3363 481 3444 qui
492 3385 526 3426 se
538 3385 607 3428 non
621 3374 724 3446 putat.

70 3472 178 3534 Nullus
188 3477 294 3532 tantus
303 3481 467 3552 quaestus,
476 3492 574 3551 quarn
585 3472 674 3552 quod
686 3473 785 3536 hahes
796 3453 942 3554 paruere.

72 3575 144 3656 Spes
156 3570 293 3654 praemii
307 3572 427 3636 laboris
440 3583 487 3635 est
499 3572 662 3636 solatium.

500 3751 521 3792 o
559 3753 579 3794 G

161 3834 296 3920 Phaedrus.
