2750 4782
312 383 368 456 1‘68
610 376 803 440 PUBLII
835 375 961 438 SYRI
1136 394 1173 434 v.
1203 375 1267 434 86.

321 525 360 588 iis
373 523 489 604 vincit,
509 520 568 604 qui
585 539 619 584 se
634 519 737 582 vincit
754 519 793 587 in
806 519 953 582 victoria.
1028 546 1032 554 =

307 627 485 706 Blanditia,
502 647 571 690 non
589 624 743 706 imperio,
763 623 799 686 fit
817 623 920 686 dulcis
934 627 1055 686 Venus.

308 737 397 796 Bona
413 739 580 812 comparat
596 726 756 810 praesidia
774 723 1007 786 misericordia.

308 837 398 899 Bona
417 835 503 896 fama
514 833 549 896 in
563 830 704 894 tenebris
715 830 885 912 proprium
905 831 1117 910 splendorem
1135 828 1298 894 obtinet.

309 945 413 1019 Bona,
428 939 610 1020 imperante
622 938 750 1017 animo,
763 935 818 998 fiet
829 935 982 1018 pecunin.'

309 1047 399 1105 Bona
410 1042 540 1106 homini
552 1062 641 1104 mors
650 1053 714 1124 est,
727 1042 814 1102 vitae
823 1061 909 1120 quae
921 1041 1098 1127 exstinguit
1113 1044 1228 1104 mala.

310 1155 400 1214 Bona
411 1150 539 1220 homini
549 1165 637 1213 mors
648 1138 711 1229 est,
724 1148 827 1213 animi
838 1169 924 1228 quae
934 1148 1112 1234 exstinguit
1127 1152 1243 1215 mala.

300 1251 1106 1332 ‚Bouaneminihoraest,ntnonalieuisitrnatn.
1349 1248 1356 1295 ἶ

311 1357 400 1416 Bona
411 1355 524 1438 opinio
535 1357 708 1420 hominum
727 1355 826 1418 tutior
840 1356 979 1437 pecunia
996 1365 1052 1416 est.

310 1464 399 1523 Bona
411 1461 656 1544 quaeveniunt,
667 1464 731 1526 nisi
742 1461 977 1542 sustineantur,
990 1459 1208 1543 opprimunt.

189 1629 194 1639 ,
248 1647 251 1656 ⁴
304 1569 474 1648 ¹Bonorum
486 1587 595 1628 rerum
610 1571 813 1629 consuetudo
826 1567 964 1650 pessima
975 1578 1035 1634 est.

311 1667 400 1731 Bona
414 1669 582 1750 turpitudo
592 1682 654 1751 est,
672 1685 757 1751 quac
766 1673 950 1754 periculum
965 1671 1121 1733 vindicat.

246 1761 252 1766 ’
311 1770 394 1833 Boni
403 1785 449 1835 est
460 1771 540 1854 viri,
557 1773 655 1835 etiarn
670 1774 705 1836 in
722 1786 827 1836 morte
841 1775 970 1835 nullum
988 1774 1114 1836 fallere.

312 1877 409 1954 Bonis
426 1886 536 1957 uocet,
555 1876 702 1958 quisquis
719 1881 902 1962 pepercerit
915 1879 1016 1940 mulis.

312 1980 468 2042 Bonitatis
480 1981 581 2044 verba
593 1980 730 2063 imitari,
749 1983 874 2044 malitia
890 1983 997 2045 maior
1012 1991 1066 2046 est.

231 2167 241 2174 ‘
313 2089 403 2148 Bono
415 2088 558 2151 iustitiae
574 2087 725 2170 proxima
744 2099 790 2152 est
804 2088 966 2152 severitas.
987 2159 990 2164 ,
1057 2099 1062 2110 ’

313 2192 477 2259 Bonorum
492 2183 616 2260 crimen
629 2209 675 2260 est
686 2193 848 2260 officiosus
865 2197 972 2260 miser.

313 2305 440 2364 Bonum
454 2285 614 2366 advirum
628 2301 693 2364 cito
710 2303 849 2364 moritur
864 2298 1043 2363 iracundia.

313 2413 439 2470 Bonum
451 2419 514 2493 est,
531 2410 686 2495 fugienda
700 2407 844 2491 aspicere
863 2407 898 2470 in
914 2407 1023 2470 alieno
1037 2407 1138 2466 rnalo'.

313 2515 440 2590 Bonum
452 2524 513 2594 cst,
529 2513 628 2576 etiam
639 2515 726 2574 bona
738 2511 838 2573 verba
848 2509 989 2572 inimicis
1000 2511 1148 2570 reddere.

313 2619 439 2680 Bonum
451 2615 584 2696 quidem
598 2615 831 2698 supprimitur,
845 2635 986 2694 nequam
1001 2609 1235 2697 exstinguitur.

313 2717 421 2780 Bonus
432 2719 561 2780 animus
574 2719 698 2799 laesus,
716 2718 850 2804 gravius
867 2721 971 2780 multo
987 2717 1148 2780 irascitur.
1197 2767 1199 2775 ,

312 2826 420 2890 Bonus
430 2822 558 2888 animus
570 2823 741 2905 nunquam
752 2826 875 2888 erranti
886 2825 1079 2908 obsequium
1086 2839 1232 2885 aeccm-·

754 2957 761 2961 ·
843 2917 965 2992 modii.

314 3025 423 3089 Br‘evis
436 3047 527 3090 mens
538 3027 610 3111 ipsa
623 3037 670 3092 est
681 3029 841 3092 memoria
854 3025 1054 3092 iracundiae.

313 3131 424 3192 Brevis
437 3130 508 3213 ipsa
525 3132 593 3194 vita
608 3143 667 3217 est,
684 3135 741 3198 sed
754 3133 850 3196 malis
860 3133 904 3218 fii
918 3131 1059 3220 longior.

317 3279 444 3388 Crem
456 3333 531 3386 sunt
545 3326 649 3408 oculi,
664 3349 739 3390 cum
752 3328 881 3394 animus
891 3329 975 3392 elias
988 3351 1037 3394 res
1048 3330 1127 3416 agit.

317 3427 412 3486 Caret
427 3427 589 3508 periculo,
609 3431 667 3510 qui
683 3433 798 3515 etiam,
811 3453 884 3496 cum
900 3445 947 3498 est
957 3447 1043 3498 rurus
1052 3481 1062 3518 ,
1079 3443 1181 3498 earet.

316 3533 411 3594 Gesta
427 3531 593 3594 advirum
609 3545 759 3600 matrona
774 3542 921 3620 parendo
938 3539 1087 3621 imperat.

317 3635 416 3696 Casus
426 3655 524 3714 quem
540 3643 636 3720 saepe
654 3639 783 3719 transit,
804 3640 983 3720 aliquando
1002 3625 1137 3706 invenit.

317 3739 404 3804 Care
416 3740 559 3806 amicum
571 3747 700 3828 credas,
713 3731 775 3814 nisi
788 3761 888 3829 quem
904 3748 1103 3832 probareris·
