2750 4782
324 433 378 494 ηπ
611 411 804 474 runnu
834 410 958 475 sunt
1112 432 1148 474 v.
1175 427 1268 474 210.

323 561 453 621 Factum
472 557 626 637 tacendo,
647 556 772 618 crimen
785 557 885 620 facias
900 555 1016 620 acrius.

321 668 449 728 Falsum
463 667 902 747 maledictum,malevolun1
914 662 1129 727 mendacium
1147 674 1212 732 nst.

321 775 454 834 Famam
467 783 581 834 curant
595 771 706 853 multi,
723 771 819 854 pauci
832 771 1075 834 conscientiam.

323 877 453 937 Fatetur
468 867 593 954 facinus
604 875 644 955 is,
662 875 719 956 qui
735 875 897 938 iudicium
913 873 1009 962 fugit.
1061 879 1063 883 ’

323 982 469 1046 Felicitas
485 982 596 1044 nutrix
616 993 664 1046 est
681 982 879 1046 iracundiae.

259 1153 260 1158 ,
322 1087 471 1152 Felicitas
488 1088 612 1151 infelici
624 1089 813 1151 innocentia
826 1099 883 1152 est.

323 1195 415 1256 Felix
426 1193 617 1277 improbitas
632 1195 832 1278 optimorum
848 1204 896 1256 est
910 1192 1086 1258 calamitas.

324 1303 384 1363 Fer
405 1299 567 1383 difficilia,
580 1300 690 1364 facilia
704 1301 807 1364 levius
823 1300 976 1383 perferes.

326 1409 436 1488 Feras,
451 1429 521 1470 non
533 1409 661 1491 culpes,
675 1410 764 1488 quod
780 1406 900 1469 mutari
917 1427 984 1470 non
998 1388 1116 1490 potest.

326 1515 441 1592 Feras,
455 1517 545 1593 quod
554 1513 668 1592 laedit,
680 1523 716 1574 ut
725 1522 757 1574 et
770 1511 820 1589 id,
832 1515 920 1592 quod
933 1515 1082 1594 prodest,
1098 1513 1201 1574 teras.

326 1619 414 1680 Ficta
427 1619 491 1687 cito
503 1623 545 1681 ad
555 1629 706 1680 naturam
722 1619 898 1682 reciderint
909 1607 1010 1682 suam.
1110 1597 1112 1605 ,

326 1724 438 1787 Fidem
450 1745 548 1788 nemo
560 1744 707 1805 unquam
719 1724 842 1806 perdit,
852 1725 920 1788 nisi
932 1723 1069 1806 quinon
1081 1723 1200 1786 habet.

299 1865 306 1886 t
327 1830 439 1893 Fidem
451 1831 508 1913 qui
520 1830 649 1914 perdit,
664 1831 802 1912 perdere
815 1831 900 1892 ultra
913 1828 960 1891 nil
974 1835 1088 1912 potest.
1192 1911 1195 1923 Ι

327 1937 440 2001 Fidem
451 1938 509 2018 qui
521 1938 647 2022 perdit,
666 1957 731 2017 quo
743 1957 777 1999 se
789 1944 894 1999 servat
910 1933 1058 2014 reliquo?
1133 1949 1147 1962 ⁴·

328 2045 439 2130 Fides,
455 2056 491 2108 ut
504 2045 630 2127 anima,
645 2047 734 2110 rtnde
745 2043 842 2125 abiit,
856 2065 896 2106 eo
909 2061 1078 2122 nunqnam
1091 2037 1194 2102 redit.

328 2151 483 2213 Formosa
495 2147 607 2230 facies,
622 2158 712 2211 muta
727 2135 967 2212 commendatio
981 2155 1037 2209 est.
1224 2141 1283 2202 ns

248 2253 251 2262 ¹
329 2258 471 2318 Fortuna
485 2277 560 2319 cum
573 2257 756 2336 blanditur,
774 2261 939 2336 captatum
952 2250 1050 2312 venit.
1184 2257 1187 2264 '

330 2348 472 2422 Fortuna
489 2360 564 2442 plus
578 2359 723 2439 homini,
740 2378 839 2439 quam
857 2353 1045 2431 eonsilium,
1058 2350 1164 2436 'valet-

330 2466 474 2526 Fortuna
486 2464 538 2529 ius
552 2465 590 2531 in
603 2463 746 2528 hominis
760 2485 866 2529 mores
885 2477 952 2526 'non
967 2463 1076 2523 hahet.

331 2571 476 2630 Fortuna
494 2587 631 2655 magna,
643 2588 765 2654 magna
781 2568 917 2631 domino
932 2575 979 2629 est
997 2563 1147 2628 servitus.

274 2698 277 2717 ν
332 2674 475 2742 Fortuna
491 2673 577 2734 nulli
594 2673 682 2756 plus,
702 2692 801 2752 quam
819 2669 1007 2749 consilium,
1024 2667 1124 2729 valet.
1211 2671 1218 2682 ’

332 2779 512 2838 Fortunam
527 2776 622 2842 citius
638 2777 799 2861 reperias,
814 2797 911 2858 qnam
927 2775 1076 2836 retineas.

334 2885 477 2948 Fortuna
487 2883 628 2946 nimium
639 2904 737 2964 quem
749 2885 853 2964 fovet,
865 2882 998 2944 stultum
1008 2875 1097 2940 ¹facit.

224 3047 229 3054 .
335 2991 478 3052 Fortuna
490 3010 551 3054 nos
568 2989 686 3072 vincit,
706 2991 769 3054 nisi
784 2999 850 3055 tota
866 2987 1018 3052 vincitur.
1037 2998 1041 3006 '

337 3099 477 3163 Fortuna
495 3101 606 3164 obesse
619 3098 705 3162 nulli
721 3107 871 3161 contenta
890 3072 1061 3160 est'semel.

337 3194 480 3269 Fortuna
494 3221 560 3281 quo
571 3221 622 3283 se,
643 3205 759 3266 eodem
773 3211 806 3264 et
819 3201 956 3264 inclinat
973 3201 1075 3262 favor.
1125 3203 1127 3210 “

338 3307 481 3366 Fortuna
496 3305 599 3368 vitrea
611 3315 676 3384 est;
695 3317 781 3389 tum,
792 3327 865 3368 cum
878 3307 1041 3388 splendet,
1054 3299 1236 3385 frangitur.

340 3409 483 3474 Fortuna
491 3411 580 3472 unde
590 3409 716 3488 aliquid
729 3411 842 3496 fregit,
854 3431 978 3474 nassum
991 3407 1119 3491 penitus
1130 3415 1190 3470 est.

339 3513 482 3574 Fortuna
494 3529 552 3574 usn
572 3512 628 3572 dat
641 3513 759 3593 multa,
775 3514 941 3598 mancipio
954 3512 1048 3577 nihil.

263 3662 271 3675 f
340 3619 439 3677 Fraus
451 3619 499 3678 est
515 3613 680 3698 accipere,
701 3619 791 3698 quod
807 3639 874 3682 non
892 3617 996 3704 possis
1012 3616 1160 3695 reddere.

342 3726 503 3802 Frequens
513 3721 675 3804 vindicta,
689 3743 870 3823 pancorum
883 3722 996 3785 odium
1010 3709 1199 3831 reprimit.

341 3833 429 3910 Frno
406 3828 521 3917 galitas
534 3826 654 3893 inserta
668 3837 714 3892 est
731 3827 873 3892 rumoris
884 3817 975 3892 boni.
