2916 4790
466 905 834 1000 DIONYSlO
871 893 1263 998 CATONw

721 1129 957 1148 unu—um

360 1253 557 1390 Drorcrsu
573 1325 727 1390 ciroms
741 1326 876 1389 Disciclis
885 1330 915 1386 de
931 1327 1044 1389 moribus
1053 1323 1202 1406 aufidum,
1215 1322 1244 1386 in
1253 1323 1312 1390 tv,

359 1409 453 1472 libros
475 1407 634 1481 distinctis,
649 1411 777 1490 parvulos
798 1410 859 1470 olim
884 1408 982 1468 iniciari
1002 1411 1093 1470 solitos
1116 1423 1246 1470 restatur
1266 1405 1313 1468 lo.

360 1489 583 1553 sarisberiensis
604 1488 668 1550 Lib.
685 1489 755 1549 Vll.
772 1487 939 1550 policratici
962 1507 996 1549 ca
1020 1536 1026 1548 .
1069 1533 1076 1549 .
1095 1507 1126 1548 uc
1142 1489 1249 1549 virtutis
1267 1487 1314 1548 in-

360 1572 466 1632 structio
479 1591 502 1630 cr
513 1587 576 1630 usus
588 1570 679 1630 cencris
692 1571 800 1631 ebibitus
813 1570 907 1630 animis
920 1594 973 1630 non
981 1509 1066 1649 diripe
1075 1568 1220 1668 abolesccrg.
1236 1567 1314 1630 Lau·

346 1651 413 1732 ndat
422 1669 458 1711 ea
486 1670 586 1728 uoque
600 1647 732 1712 lsidorus
744 1651 773 1710 in
785 1650 917 1722 Glossis,
930 1668 1012 1713 voce
1027 1650 1202 1734 officiperdac‚
1216 1651 1314 1711 Hinc-

361 1743 464 1794 matus
501 1750 610 1808 emens.
623 1727 712 1792 Tom.
732 1729 768 1793 ll.
783 1750 849 1814 pag.
867 1729 936 1804 476.
956 1749 987 1792 et
1003 1730 1176 1794 Gaufredus
1194 1731 1224 1792 iu
1235 1729 1315 1792 Poe-

362 1811 420 1874 tria
433 1831 534 1876 noua:
549 1812 681 1876 Ecdrricus
694 1815 761 1873 unde
778 1812 863 1884 Caco,
875 1805 962 1874 Neruo'
970 1812 1023 1874 sinc
1034 1813 1137 1874 crimine
1151 1813 1226 1874 vivit.
1239 1809 1314 1892 Qua

361 1908 463 1957 aetate
482 1895 590 1977 scripta
618 1895 697 1968 sint,
724 1905 791 1955 tant
811 1910 856 1955 est
879 1892 1047 1968 incertum,
1076 1913 1168 1975 quam
1193 1908 1315 1956 constat

253 2030 262 2057 Ι
362 1971 532 2054 elegantia,
546 1973 645 2045 utilia,
665 1988 697 2035 et
716 1971 920 2035 Valentiniani
939 1973 1013 2120 Imp.
1034 1973 1221 2054 temporibus
1234 1973 1314 2034 anti-

363 2057 472 2135 quiora
485 2073 566 2127 esse,
589 2053 731 2120 inferiora
749 2070 849 2116 autent
868 2070 966 2136 aetate
1010 2055 1097 2134 ucani
1113 2057 1234 2138 poetae.
1250 2052 1313 2114 lant

302 2173 305 2183 ‹
364 2134 442 2195 enim
457 2134 617 2197 laudantur
635 2155 651 2197 a
669 2135 851 2198 Vindiciano
870 2133 990 2197 Medico
1006 2135 1036 2197 in
1053 2135 1076 2198 E
1097 2135 1188 2199 istola
1199 2135 1234 2197 ad
1247 2134 1314 2195 Va·

362 2213 558 2281 leprinianum
573 2215 648 2298 lmp.
666 2217 808 2278 Vicissim
820 2217 850 2278 in
866 2215 968 2294 ,limine
984 2215 1062 2280 libri
1078 2157 1119 2279 ll.
1136 2217 1244 2279 horum
1257 2214 1316 2276 Di·

356 2295 527 2358 =stichorum
556 2295 700 2379 legendus
724 2299 967 2371 commendatur,
994 2312 1112 2380 praeter
1137 2297 1331 2380 Virgilium,

363 2375 523 2453 Macrum,
548 2395 581 2439 et
604 2377 772 2454 Nasonem,
793 2380 884 2441 etiam
904 2375 1052 2440 Lucanus.
1066 2380 1153 2442 ,Hinc
1168 2378 1281 2440 Catoni
1298 2393 1315 2428 ²

362 2457 413 2520 vel
431 2457 599 2529 Censorio,
623 2459 674 2522 vel
694 2459 851 2532 Uticensi,
877 2478 968 2522 nemo
988 2459 1044 2535 pisi
1065 2473 1178 2520 temere
1200 2459 1315 2522 adscri-

363 2539 465 2622 pserit.
484 2523 561 2602 dam
576 2541 659 2621 quoa
680 2537 813 2604 aoeuo
830 2539 894 2602 siu.
915 2539 1248 2622 xr.cap.2.1autatur
1267 2543 1313 2601 Μ.

366 2622 474 2682 Catonis
490 2623 596 2684 carmin
617 2626 647 2684 dc
662 2624 790 2692 moribus,
805 2622 842 2682 ab
864 2622 920 2683 illis
939 2621 1073 2683 distichis
1107 2620 1174 2684 lane
1196 2619 1254 2683 fuit
1270 2621 1316 2682 di·

364 2719 505 2776 versum,
517 2718 551 2762 ut
568 2720 606 2762 ex
622 2701 678 2777 iis,
693 2721 771 2783 quae
786 2702 854 2762 inde
869 2700 966 2763 adfert
982 2701 1061 2762 idem
1078 2643 1210 2775 gellius,
1221 2719 1316 2784 appa-

365 2787 429 2844 ret:
449 2783 486 2842 de
506 2799 568 2860 quo
589 2781 780 2846 Boxltornius
799 2784 953 2866 proprium
973 2782 1104 2844 libellum
1124 2783 1240 2865 scripsit
1264 2801 1314 2844 an.

365 2861 454 2942 ¹⁶35·
473 2860 580 2943 Neque
594 2861 700 2924 validis
710 2864 891 2944 argumentis
904 2864 1056 2939 nituntur,
1068 2864 1119 2946 qui
1131 2868 1239 2924 Senecae
1249 2863 1318 2924 vin·

364 2941 475 3014 dicant.
498 2943 644 3010 Ausoniis
662 2958 764 3004 autem
781 2963 847 3006 esse
865 2961 1037 3026 nequeunt,
1055 2964 1124 3006 cum
1139 2939 1316 3008 Ethnicust

331 3123 333 3128 ,
404 3077 417 3118 r
432 3068 492 3130 via,
507 3069 544 3120 lo.
563 3070 619 3124 Alb.
634 3070 739 3122 Fabricii
756 3071 821 3124 Bibl.
861 3071 920 3124 XV.
934 3073 958 3125 8.
968 3071 1036 3124 llist.
1047 3071 1188 3140 ludicrae,)
1202 3089 1247 3124 eos
1258 3085 1317 3124 toto

367 3133 421 3186 Lat.
433 3136 506 3189 Tunc.
519 3137 563 3187 lll.
577 3155 601 3204 p.
611 3155 625 3189 2
630 3156 667 3206 59.
678 3155 748 3204 seqq.
861 3155 943 3190 errare
958 3142 1047 3200 coelo,
1063 3155 1125 3190 vere
1141 3139 1319 3207 pronuntiavit

401 3214 416 3254 2
435 3203 468 3252 Vi
488 3207 539 3256 nol.
555 3206 697 3260 Marvillius
713 3208 787 3258 Tota.
799 3203 822 3256 l.
860 3207 968 3273 Scaliger
985 3207 1010 3258 iu
1027 3207 1097 3258 Lect.
1113 3206 1276 3266 Ausonianis,
1290 3219 1319 3258 et

366 3265 442 3318 Misc.
453 3221 626 3350 adcresceret.
636 3291 692 3342 pag.
705 3274 745 3338 5⁶·
862 3272 1058 3328 Geth-Vossius
1069 3273 1136 3324 notis
1145 3273 1316 3336 advelleiuru,

403 3348 415 3399 3
436 3334 550 3386 Ausonio
566 3340 680 3390 tribuunt
694 3340 732 3390 lo.
749 3341 820 3404 Bapt.
862 3357 968 3408 quorum
982 3341 1030 3392 iste
1038 3339 1264 3392 animadversiones
1274 3352 1316 3391 et·

365 3397 442 3459 Pius,
462 3401 487 3450 iu
505 3401 609 3455 Praefat.
633 3407 662 3456 ad
682 3406 821 3473 Euripidem
860 3403 910 3456 iam
921 3407 947 3457 in
957 3407 1182 3458 CatonisDisticha
1190 3406 1317 3474 promisit.

289 3469 294 3478 “
367 3463 436 3516 Guil.
450 3467 585 3544 canterus,
601 3469 706 3538 Popma,
723 3485 750 3524 ct
766 3474 820 3534 alii.
862 3475 1043 3543 Argumentum
1060 3487 1158 3533 autem,
1177 3491 1228 3542 quo
1246 3474 1317 3524 Box-

366 3547 430 3600 quos
446 3533 536 3586 refellit
552 3535 656 3604 Scaliger
666 3539 699 3591 ll.
715 3553 756 3603 32.
772 3539 820 3590 Le·
862 3541 968 3594 hornius
978 3543 1004 3592 in
1015 3541 1122 3606 Quaest.
1137 3541 1208 3592 xlv.
1225 3539 1318 3592 Roma·

366 3601 479 3650 trionum
491 3601 586 3652 Auson.
597 3605 646 3655 Sub
658 3605 764 3656 Ausonii
773 3622 821 3656 no·
862 3624 894 3658 na
911 3625 966 3679 pag.
982 3611 1025 3668 78.
1043 3610 1084 3658 illa
1103 3608 1220 3675 scriptori
1240 3606 1318 3657 Chri·

367 3666 435 3718 mitte
447 3668 595 3733 prodierunt
606 3669 681 3724 etiam
694 3672 819 3726 Rostoch.
861 3675 944 3726 seiano
958 3674 1087 3727 vindicare
1096 3674 1239 3736 contendit,
1249 3674 1319 3741 quod

369 3748 442 3798 ¹57²·
455 3736 479 3811 85
861 3759 950 3808 nempe
973 3743 1048 3795 caede
1069 3742 1228 3794 victimarum
1247 3757 1318 3792 sacra

400 3818 417 3863 ⁴
456 3817 479 3850 ur
489 3799 624 3854 Christiani
639 3819 695 3856 esse
708 3803 820 3872 scripto·
860 3807 1126 3870 commoverant,
1144 3807 1219 3858 nimis
1237 3807 1316 3858 lubri·
1362 3814 1366 3822 ’

365 3863 402 3920 ais
420 3883 446 3919 ac
464 3869 586 3933 irruatur,
604 3871 652 3939 (ut
674 3869 821 3925 Bonifacius
857 3891 918 3927 cnm
931 3889 987 3939 estc
999 3877 1131 3928 cumidem
1145 3873 1317 3945 Pythagoricis

558 4001 565 4042 Ι
601 3995 605 4006 ι
