2916 4790
488 490 753 553 LIBERI.
846 496 857 525 ⁴

410 726 717 800 FABULA
764 729 839 802 xl.

292 907 467 961 Asluus
496 907 551 959 ET
579 907 668 960 LEO
696 905 965 962 vanuum.

150 1005 334 1118 Verrurrs
355 1066 486 1128 expers,
498 1043 743 1110 verbisiactans
760 1045 918 1130 gloriam,

148 1157 283 1242 Ignotos
295 1152 397 1232 fallit,
416 1150 567 1224 notisest
582 1148 714 1214 derisui.
842 1217 848 1224 ‚

191 1258 316 1325 Venari
334 1258 442 1319 Asello
458 1254 575 1318 comite
594 1276 669 1318 eum
687 1258 785 1320 vellet
799 1259 884 1339 Leo,

150 1361 303 1426 Contexit
313 1359 409 1421 illum
423 1357 556 1438 frutice,
574 1367 605 1421 et
620 1359 791 1422 admonuit
803 1358 918 1440 simul,

149 1471 193 1530 Ut
205 1468 335 1530 insueta
348 1483 429 1526 voce
441 1473 575 1526 terreret
593 1462 695 1540 feras,
1086 1459 1104 1520 ὅ

146 1573 326 1662 Fugientes
341 1571 411 1654 ipse
427 1565 599 1651 exciperet.
617 1561 679 1631 Hic
697 1567 865 1631 Auritulus

148 1679 338 1739 Clamorem
350 1673 458 1736 subito
475 1672 549 1736 totis
568 1672 653 1734 tollit
671 1672 812 1754 viribus,
864 1705 868 1713 ·

148 1781 311 1858 Novoque
327 1780 435 1840 turbat
449 1776 566 1841 bestias
579 1777 750 1841 miraculo.

149 1891 247 1971 Quae
258 1885 337 1944 dum
353 1893 508 1964 paventes
519 1883 624 1946 exitus
637 1894 730 1946 notos
745 1887 878 1965 petunt,

149 1989 273 2054 Leonis
284 1988 485 2073 adfliguntur
494 1990 659 2052 horrendo
673 1987 809 2072 impetu.
1064 2007 1103 2052 ιο

154 2095 223 2179 Qui
235 2102 405 2176 postquam
417 2095 515 2157 caede
528 2095 629 2158 fessus
646 2106 708 2174 est,
722 2094 858 2156 Asinum
871 2101 1002 2177 evocat,

152 2202 438 2278 lubetquevocem
449 2219 608 2282 premere.
624 2202 717 2262 Tunc
734 2200 791 2262 ille
805 2201 964 2264 insulense

154 2300 413 2385 Qualisvidetur
425 2321 525 2383 opera
538 2301 599 2364 tibi
616 2301 705 2364 vocis
720 2302 838 2364 meae?
1032 2279 1041 2297 ⁶

154 2406 316 2492 Insignis,
329 2405 455 2488 inquit,
473 2407 535 2487 sic,
554 2417 591 2468 ut
607 2407 671 2469 nisi
684 2428 811 2470 nossem
827 2417 919 2474 tuum
973 2443 976 2450 ·

155 2511 314 2578 Animum
326 2531 513 2598 genusque,
529 2510 629 2584 siusili
643 2512 799 2598 fugissem
816 2521 914 2574 metu.
1070 2510 1121 2571 15·

399 2713 704 2788 FABULA
751 2715 859 2790 XII.

380 2887 567 2942 cruvus
595 2891 657 2946 Au
683 2852 895 2944 rourum.

141 2987 346 3100 'Laccuris
361 3025 513 3110 utiliora,
531 3011 615 3109 quae
629 3027 854 3111 contemseris,

157 3139 262 3220 Saepe
278 3134 438 3216 inveniri,
454 3138 536 3198 haee
549 3137 666 3200 exserit
679 3136 832 3199 narratio.

198 3241 252 3300 Ad
267 3237 391 3300 fontem
404 3241 545 3320 Cervus,
566 3261 641 3311 cum
654 3239 802 3320 bibisset,
819 3235 951 3322 restitit,

161 3345 200 3404 Et
216 3343 255 3406 in
269 3342 396 3426 liquore
408 3343 491 3408 vidit
506 3342 648 3432 effigiem
659 3365 760 3408 suam.

160 3449 214 3511 Ibi
231 3451 309 3510 dum
323 3469 451 3513 ramosa
465 3450 586 3515 mirans
607 3452 717 3513 laudat
734 3469 873 3532 cornua,
1090 3451 1108 3512 ⁵

87 3593 90 3600 Α
165 3556 370 3634 Crurumque
385 3555 520 3619 nimiam
532 3557 722 3620 tenuitatem
738 3557 919 3639 vituperat3
1029 3569 1036 3581 “

165 3654 350 3718 Venantum
366 3659 473 3722 subito
487 3661 620 3724 vocibus
637 3661 844 3742 conterritus,

166 3759 229 3818 Per
242 3777 394 3842 campum
408 3762 523 3847 fugere
535 3763 657 3846 coepit,
672 3776 703 3826 et
717 3785 811 3827 cursu
824 3763 889 3826 levi

164 3862 268 3925 Canes
284 3865 388 3928 elusit.
408 3867 495 3932 Silua
511 3878 579 3936 tum
591 3869 718 3952 excepit
736 3869 860 3949 serum,
918 3935 921 3941 ,
