2916 4790
483 385 800 492 erasnm.
1076 341 1119 448 35

164 537 239 596 Νοη
252 530 417 596 evertisset
436 529 557 592 scelere
572 528 701 590 funesto
716 528 860 590 domurn.¹
1074 529 1113 592 to

207 642 261 705 Nil
277 649 407 723 spernet
426 631 531 716 auris,
544 655 604 696 neo
621 644 730 696 tamen
751 637 860 696 eredat
876 635 1013 699 stetim:-

167 743 443 828 Quandoquidem
455 751 487 803 et
498 739 548 802 illi
562 746 713 820 peccant,
724 756 806 817 quos
816 737 950 802 minime
961 749 1073 822 pute83
1155 785 1160 808 ,

167 851 208 911 Et
220 847 277 928 qui
289 867 356 908 non
369 854 519 928 peceant,
537 843 774 926 impugnantur
791 840 971 938 fraudibus.

207 957 279 1014 Hoc
297 954 473 1013 admonere
493 946 653 1031 simplices
666 945 764 1007 etiam
775 956 898 1030 potest,

170 1061 337 1142 Opinione
354 1057 487 1120 alterius
502 1077 543 1118 ne
561 1052 640 1134 quid
659 1054 852 1134 ponderent.
1080 1057 1116 1118 55

168 1163 313 1227 Ambitio
334 1182 477 1242 namque
496 1158 653 1222 dissidens
671 1157 861 1222 mortalium

169 1272 233 1331 Aut
245 1269 369 1354 gratiae
385 1263 576 1345 subscribit,
588 1272 644 1324 aut
658 1261 737 1325 odio
748 1283 818 1328 suo.

171 1372 240 1436 Erit
255 1372 312 1434 ille
328 1380 443 1451 notus,
459 1389 557 1451 quem
574 1376 676 1456 perte
691 1372 895 1455 cognoveris·

211 1477 301 1536 Haeo
316 1482 484 1536 exsecutus
498 1491 569 1534 sum
586 1479 758 1551 propterea
773 1471 940 1554 pluribus,

171 1576 331 1642 Bievilate
341 1575 446 1640 nimia
460 1573 618 1656 quoniam
636 1573 795 1654 quosdam
808 1570 1015 1640 offendimus.
1081 1578 1121 1640 60

332 1847 334 1854 Α
433 1760 862 1836 renonent.

327 1893 580 1990 sunuenus
609 1932 670 1988 Ao
695 1937 967 1992 rnrnosun.

90 2065 97 2080 ’
175 2045 374 2160 Eunucuos
389 2091 628 2178 litigabat-eum
643 2093 788 2171 quodam
805 2091 976 2176 improbo,
1082 2083 1086 2090 ’

175 2199 261 2284 Qui,
278 2219 375 2281 super
391 2201 553 2290 obseoena
565 2199 652 2262 dicta
666 2208 697 2260 et
707 2201 857 2280 petulans
869 2199 1031 2286 iurgium,

174 2309 341 2370 Damnum
354 2303 525 2366 insectatus
538 2316 585 2367 est
596 2305 704 2368 amosi
723 2307 876 2387 corporis.

162 2409 245 2485 -En,
259 2405 393 2484 ait,hoe
406 2425 508 2465 unum
521 2416 655 2492 est,·ou1·¹
666 2405 815 2466 laborem
828 2402 969 2470 ualidius
977 2452 988 2488 ,

87 2526 92 2536 “
175 2511 374 2596 Integritatis
391 2520 484 2572 testes
500 2509 576 2590 quia
596 2511 712 2570 desunt
729 2506 822 2573 mihi.
1109 2511 1126 2570 5

177 2616 241 2676 Sed
254 2613 335 2692 quid
346 2612 515 2693 fortunae,
531 2613 650 2692 Stulte,
668 2611 824 2674 delictum
838 2609 971 2698 arguis?

175 2721 216 2786 Id
231 2721 364 2782 demum
377 2728 424 2784 est
437 2717 565 2782 homini
578 2726 690 2802 turpe,
702 2719 792 2798 quod
804 2717 924 2784 meruit
934 2715 1012 2802 pati.

327 2915 723 3004 ''FABULA
770 2917 877 2988 XII.

241 3048 246 3058 ¹
338 3085 517 3144 euneos
543 3091 605 3144 Ao
634 3091 968 3148 MARGARITAM.
1036 3059 1056 3074 '¹

179 3197 227 3310 ln
237 3243 430 3325 sterquilino
443 3245 555 3308 Pullus
569 3247 768 3331 gallinaceus
858 3227 860 3232 ⁵

128 3335 134 3342 ¹
179 3351 267 3412 Dum
281 3351 408 3429 quaerit
419 3372 541 3434 escam,
562 3352 771 3438 margaritam
784 3347 915 3434 reperit.

180 3455 268 3516 Iaces
281 3453 434 3540 indigno,
455 3467 576 3536 quanta
591 3478 656 3537 res,
677 3455 799 3536 inquit,
816 3454 913 3518 loeo?

181 3559 229 3618 Te
243 3556 271 3618 si
283 3557 354 3636 quis
370 3558 467 3638 pretii
486 3561 623 3640 cupidus
639 3560 771 3622 vidisset
786 3557 849 3638 tui,

184 3659 274 3722 Olim
290 3655 425 3730 redisses
442 3665 485 3724 ad
499 3651 706 3746 splendorem
723 3665 908 3746 pristinum.
1050 3712 1052 3715 .
1104 3659 1123 3725 5

183 3771 271 3856 ligo,
291 3769 349 3849 qui
368 3779 397 3831 te
411 3769 665 3863 inveni,potior
677 3773 730 3836 eui
748 3771 853 3834 multo
867 3777 914 3835 est
925 3765 1031 3852 cibus,
