2916 4790
350 455 458 510 uxxu
538 431 793 508 NOTITIA
818 433 1131 508 LITERARIA
1174 499 1180 508 ,

470 598 496 658 Ι.
515 598 545 658 S.
566 598 590 658 Ι.
609 599 642 659 F.
656 597 832 658 Boinvt'llr'ers.
849 594 955 656 Tertia
973 595 1064 657 editio
1080 595 1117 656 ad
1138 609 1225 658 usum
1245 589 1312 678 Ly-

473 695 625 739 caeorum.
643 678 775 760 Parisiis,
790 679 864 759 apud
877 677 1017 738 Delalain.
1036 697 1082 738 12.
1159 735 1165 756 .

350 757 592 821 —Phaedri
602 757 740 826 Fabulae.
752 763 944 832 Hammone,
964 761 1038 837 apud
1048 759 1133 820 Frarr.
1143 759 1238 820 Halm
1250 756 1280 821 8.

349 855 447 960 Quod
460 875 564 938 attinet
578 875 614 936 ad
628 877 781 937 secundam
793 871 867 935 lianc
883 889 1011 934 nostram
1025 873 1197 936 Fabularum
1216 873 1312 936 Phae-

470 969 515 1030 dri
537 968 713 1044 editionem,
729 969 801 1031 illud
814 969 937 1030 maxime
949 968 1136 1042 curavimus,
1148 986 1198 1041 ur,
1210 965 1311 1048 quoad

467 1060 1309 1144 diligentiaconlerendarumdenuorcmvererum,quam

468 1155 666 1218 recentiorum
678 1156 843 1218 editionum
856 1155 921 1216 lieri
938 1170 1052 1234 posset,
1072 1172 1184 1215 textum
1201 1154 1308 1215 Poetae

468 1265 557 1328 quam
564 1247 828 1311 emendatissimum
836 1247 1060 1322 exhiberemus,
1074 1244 1310 1309 reformatisdm·

364 1409 371 1414 ,
469 1342 578 1416 nibus,
598 1359 794 1425 quaecunque
813 1342 1014 1403 econiectura
1033 1339 1126 1400 minus
1144 1338 1219 1400 felici
1238 1335 1310 1399 olim

319 1427 327 1442 '
468 1455 485 1496 a
506 1433 590 1496 nobis
608 1433 730 1512 admissa
749 1452 843 1496 erant.
877 1433 921 1497 Ex
937 1426 1112 1494 editionibus
1135 1428 1312 1492 recentiori·

368 1557 369 1562 *
466 1527 524 1592 bns
544 1528 612 1591 inde
631 1530 668 1588 ab
690 1547 770 1588 anno
797 1526 883 1604 1786.
905 1527 1064 1608 praecipue
1081 1525 1165 1592 nobis
1182 1521 1311 1608 profue-

470 1638 503 1682 re
519 1617 738 1681 Desbilloniana
755 1635 785 1682 et
804 1619 1007 1681 Schwabiana.
1036 1617 1209 1689 Aristium,
1225 1615 1311 1675 Ano·

470 1729 597 1790 nymunr
611 1727 641 1774 et
657 1709 688 1774 P.
706 1707 815 1790 Syrum
833 1712 907 1773 tales
927 1726 1195 1791 repraesentamus,
1210 1705 1311 1788 quales

414 1803 418 1811 '
470 1803 528 1864 iam
542 1821 620 1866 anno
636 1802 721 1880 ¹784
735 1824 751 1865 a
766 1804 849 1866 nobis
863 1804 933 1865 editi
945 1819 1047 1878 erant,
1059 1801 1238 1886 paucissimis
1246 1816 1311 1861 tan·

434 1933 437 1937 -
468 1898 621 1959 tummodo
630 1898 756 1959 muratis.
770 1898 869 1959 Vitam
880 1889 999 1960 Phaedri
1011 1891 1310 1979 praemisimus,aCl.

469 1987 622 2050 Schwabio
638 2007 676 2050 ex
699 1989 766 2070 ipso
786 1987 917 2051 Phaedro
940 1987 1130 2063 delineatam,
1157 1986 1308 2050 meliorem

469 2081 684 2162 certioremque
703 2100 762 2140 non
777 2081 927 2143 habentes.
941 2079 1067 2143 indicem
1084 2081 1244 2142 editionum
1258 2095 1309 2138 au·

467 2175 563 2238 ximus
573 2191 603 2236 et
617 2174 860 2264 emendavimus,
878 2193 1035 2259 praeeunte
1049 2175 1154 2238 eodem
1172 2173 1239 2238 viro
1255 2171 1308 2232 do·

471 2283 534 2330 cro.
549 2267 886 2332 Subiunximustandem
897 2283 999 2334 novae
1009 2269 1204 2332 huicedirioni
1213 2267 1306 2329 Dion.
1382 2283 1391 2296 ·

469 2360 592 2424 Catonis
612 2359 745 2425 Disticha
764 2366 801 2426 de
823 2363 960 2428 Moribus
985 2365 1020 2426 ad
1039 2363 1165 2438 Filium,
1182 2381 1259 2446 quae
1277 2362 1306 2424 in

466 2451 650 2522 collectione
664 2472 821 2522 auctorum
839 2455 1026 2524 classicorum
1042 2458 1201 2543 Bipontina
1212 2456 1305 2521 adhuc

446 2623 457 2640 .
470 2545 716 2618 desiderabantur.
