2750 4782
386 431 443 504 ,90
674 401 863 480 uuum
901 417 1033 484 stru
1076 443 1078 450 ν
1200 426 1313 505 mu.

380 561 502 631 Virtuti
516 545 647 644 tirellus,
664 583 763 644 quam
775 564 950 641 Fortunae,
970 561 1132 624 creditur.

379 673 518 741 Virtutis
533 671 638 756 spolia
652 687 726 732 oum
741 669 848 751 videt,
864 673 984 756 gaudet
1000 671 1107 731 labor.

378 777 516 846 Vir-tutis
534 779 642 838 vultus
659 773 899 857 partem'habet
913 773 1083 836 viotoriae.

377 886 437 952 Vis
447 883 600 947 omnibus
610 865 678 946 esse
690 882 803 948 notus?
817 879 907 944 noris
918 877 1095 949 neminem.

377 990 506 1056 Vitium
521 987 600 1069 fuit,
617 1009 706 1050 nunc
720 1006 791 1049 mos
806 994 852 1050 est
865 984 1050 1050 assentatio

377 1091 442 1156 Vix
458 1088 629 1170 quisquam
640 1085 798 1160 transitio¹
807 1088 949 1167 bonum,
967 1084 1084 1150 nisiex
1095 1087 1204 1151 malo.

378 1192 495 1256 Ulcera
510 1189 612 1253 animi
620 1191 766 1254 sananda
775 1189 893 1274 magis,
908 1209 1007 1269 quam
1019 1191 1183 1273 corporis.

378 1299 470 1362 Unus
481 1295 549 1358 dies
561 1313 701 1377 poenam
715 1289 822 1374 affert,
840 1291 939 1355 multi
958 1293 1110 1380 cogitant.

377 1405 537 1468 Voluntas
551 1421 649 1482 quem
664 1399 835 1481 pudicum,
850 1418 918 1460 non
931 1395 1064 1482 corpus,
1078 1393 1173 1462 facit.

375 1507 535 1587 Voluptas
543 1527 562 1566 e
574 1502 698 1566 difficili
713 1505 789 1569 duta
803 1501 988 1570 dulcissima
1000 1511 1056 1568 est.

376 1611 534 1692 Voluptas
551 1606 649 1672 tacita
660 1627 755 1692 mage
766 1616 892 1689 metus,
905 1627 1003 1692 quam
1014 1607 1179 1693 gaudium
1192 1617 1248 1673 ost.

375 1713 557 1791 Utrumque
570 1729 681 1800 cusum
692 1708 863 1795 adspicere
875 1713 987 1794 debet,
1004 1709 1062 1791 qui
1074 1711 1230 1794 imperat

376 1817 497 1900 Vultu,
509 1797 554 1880 in
566 1823 699 1898 natura,
710 1815 754 1882 sis
768 1817 914 1902 sapiens,
925 1818 1067 1880 multum
1076 1817 1227 1882 interest.
1266 1839 1306 1899 ης

552 1929 562 1964 ’
588 1969 888 2059 Tnocuurcr,
915 1958 1105 2068 vesquasi

375 2083 566 2211 Amnon,
576 2129 740 2211 quantoin
748 2141 818 2196 arte
825 2142 871 2220 est
879 2134 1005 2215 melior,
1016 2144 1106 2198 tanto
1115 2146 1165 2200 est
1171 2139 1308 2220 nequior.

375 2232 581 2296 Conscientia
594 2233 690 2296 amici
702 2233 825 2298 nullius
836 2237 969 2322 linguae
982 2237 1109 2302 invenit
1122 2261 1252 2323 preces.

366 2337 616 2410 Contumeliam
629 2359 689 2400 nec
698 2338 861 2424 ingenuus
874 2342 954 2424 fert,
969 2364 1029 2405 nec
1039 2343 1132 2406 fortis
1143 2345 1238 2408 lacit.

375 2439 438 2502 cui
449 2440 529 2520 quid
538 2441 769 2508 vindicandum
778 2454 842 2526 est,
855 2447 959 2510 omnis
970 2447 1094 2528 optima
1107 2459 1155 2511 est
1164 2450 1297 2514 occasio.

374 2543 476 2609 Cuius
484 2543 725 2610 mortemaniioi
733 2561 931 2632 exspectant,
943 2551 1045 2614 vitam
1054 2551 1139 2614 cives
1151 2555 1299 2616 oderunt.

337 2718 348 2728 ,
373 2646 586 2734 mulcinen,
602 2653 709 2716 dolori
724 2654 899 2719 convenire
910 2677 991 2718 oum
1002 2657 1171 2740 sapientia.

373 2751 500 2820 Dixeris
510 2756 683 2818 maledicta
692 2766 824 2837 cuncta,
838 2751 912 2820 cuni
921 2758 1089 2821 hominem
1100 2759 1274 2846 ingratum

388 2869 392 2875 '
891 2856 1021 2922 duxeris.

321 2992 329 3007 =
373 2957 504 3040 Duplex
513 2955 550 3024 fit
560 2955 703 3039 bonitas,
717 2956 743 3019 si
753 2957 849 3022 simul
856 2961 1028 3032 occesserit
1040 2961 1200 3026 celeritas.

371 3062 449 3124 Esse
459 3083 588 3128 necesse
599 3075 646 3128 est
660 3063 738 3144 vitia
752 3064 887 3128 minima
902 3069 1119 3132 maximorum
1129 3069 1284 3134 maxima.

372 3166 427 3227 Est
437 3167 645 3252 beneficium,
658 3189 698 3232 eo
712 3189 836 3252 curere,
850 3174 939 3249 quod
948 3172 1238 3256 invituspossides.

370 3271 427 3333 Fst
436 3273 570 3338 honesta
583 3273 766 3357 turpitudo,
780 3295 842 3358 pro
858 3277 945 3344 bona
956 3274 1161 3360 rausalmori.

371 3371 500 3450 Expetit
514 3391 635 3452 poenas
650 3374 751 3442 iratus
767 3381 809 3441 ab
822 3377 903 3462 alio,
917 3401 936 3444 a
948 3401 983 3444 se
995 3381 1066 3464 i'pso
1083 3380 1195 3466 exigit.

257 3469 261 3475 ⁴
370 3479 469 3544 Exsul
478 3477 519 3562 is,
532 3481 584 3544 cui
594 3504 755 3562 nusquam
765 3490 882 3558 domus
893 3489 1034 3568 est,sine
1043 3495 1194 3575 sepulcro
1205 3505 1256 3560 est

891 3609 1048 3660 mortuus.

371 3687 462 3750 Felix
470 3697 533 3767 est,
547 3709 614 3756 nou
627 3689 686 3771 qui
694 3676 823 3758 videtur
833 3719 899 3762 esse
911 3699 997 3782 aliis,
1009 3704 1067 3764 sed
1079 3703 1136 3783 qui
1148 3701 1222 3768 sihi.

254 3822 257 3826 ·
370 3795 578 3860 Feminarum
591 3817 702 3862 curam
711 3821 841 3889 gerere,
851 3803 1022 3890 desperare
1037 3808 1204 3874 estotium.
