2750 4782
301 447 361 510 '13⁸
617 431 933 503 ΑΝΟΝῩΜῙ

303 581 369 642 cur
378 581 500 644 olidam
511 581 635 642 munda
644 579 787 659 sequeris
797 581 872 663 plus
886 589 990 676 inatre
1005 578 1210 665 capellam?

342 689 407 749 Lac
420 687 479 748 tibi
492 689 660 768 praeberet
677 685 804 748 dulcius
820 687 891 770 ipsa⁴
905 709 1032 770 parens.

302 792 357 854 Fet
373 812 493 874 prope,
510 789 642 869 festina,
658 801 795 852 matrem
805 804 894 874 pete,
908 813 1046 855 munera
1059 794 1187 860 matris
1258 797 1278 858 5

342 899 406 960 Lac
424 895 514 968 bibet
534 916 610 966 nam
623 907 730 958 servat
749 897 850 957 ubera
866 897 966 976 plena
981 895 1048 956 tibi.

302 1000 414 1088 Agnui
427 1004 469 1062 ad
482 1003 579 1062 haec:
595 1000 651 1061 Pia
662 1019 761 1082 eapra
773 998 855 1060 mibi
866 999 917 1060 lac
929 1001 1023 1060 dulce
1037 999 1235 1082 ministrat3

342 1112 396 1170 Me
413 1108 484 1172 vice
500 1106 611 1170 matris
624 1106 697 1184 alit,
718 1127 771 1169 me
784 1104 856 1166 vice
870 1105 983 1168 matris
996 1119 1092 1168 amat.

302 1211 375 1274 Non
387 1209 488 1291 mihi,
502 1211 560 1272 sed
576 1209 727 1288 domino,
743 1209 874 1289 prodest
888 1229 942 1270 me
956 1209 1084 1287 vivere;
1102 1208 1193 1273 vitro
1224 1233 1228 1240 ’

303 1371 306 1390 ,
343 1320 385 1386 Ut
397 1325 493 1383 metat
506 1334 526 1376 a
539 1325 630 1399 tergo
644 1315 766 1375 vellera
780 1315 884 1374 multa
900 1335 983 1376 meo.
1230 1336 1271 1378 io
1363 1331 1364 1364 1

302 1419 389 1508 Ergo
403 1421 637 1503 mihipraestat
655 1420 772 1484 nutriri
787 1423 870 1485 lacte
885 1423 1035 1504 caprino,

342 1533 449 1612 Quam
462 1531 512 1590 lac
527 1529 639 1592 matris
651 1531 792 1606 habens,
808 1549 936 1614 mergar
947 1528 983 1590 in
998 1549 1056 1591 ore
1070 1537 1139 1592 tuo.

304 1636 427 1694 Omnes
437 1633 538 1693 vineit
552 1652 635 1724 opes⁸
647 1651 795 1694 securam
809 1633 926 1694 ducere
938 1631 1050 1712 vitam,

344 1734 520 1816 P‘auperius
534 1733 618 1796 nihil
633 1744 695 1812 est,
713 1757 813 1818 quam
826 1738 929 1798 malus
939 1757 1016 1798 usus
1031 1757 1145 1820 opum.

303 1839 356 1904 Nil
367 1838 484 1901 melius
498 1858 578 1900 sano
589 1837 731 1918 monitu,
745 1839 792 1900 nil
807 1837 900 1920 peius
912 1838 1041 1918 iniquo:
1224 1840 1260 1902 15

343 1941 525 2006 Consilium
540 1935 787 2023 sequitur‘certa
801 1942 898 2006 ruina
912 1944 1047 2006 malum.
1163 1963 1167 1968 ·

426 2141 1049 2233 ,FABULAxxvst

465 2315 522 2366 ne
549 2295 668 2368 cm
694 2317 751 2368 er
779 2317 971 2369 nomio
997 2315 1095 2370 suo.

307 2433 490 2549 Anium
502 2491 618 2548 natura
629 2485 751 2572 Canem
761 2483 863 2566 pede,
876 2488 987 2565 dente,
1002 2485 1154 2548 iuventa:

343 2587 431 2672 Hipc
440 2589 537 2669 levis,
552 2588 631 2652 hinc
644 2589 796 2669 mordax,
805 2588 896 2652 fortis
906 2599 938 2652 et
948 2588 1025 2651 inde
1035 2589 1106 2652 fuit.

303 2689 366 2750 Tot
376 2693 461 2753 bona
472 2693 599 2778 furattn
611 2693 755 2756 senium:
775 2715 851 2755 nam
864 2697 981 2758 robore
995 2692 1101 2775 privat

344 2799 487 2880 Cdrpns,
500 2801 597 2862 dente
608 2821 723 2886 genas,
735 2811 770 2864 et
780 2801 910 2864 levitate
923 2805 1028 2884 pedes.

201 2936 203 2942 π
303 2895 367 2960 Hic
378 2899 524 2982 leporem
537 2901 684 2984 prendit:
699 2905 808 2966 Fauces
819 2904 989 2986 lepus-exit
1005 2902 1155 2968 inermes.
1235 2905 1254 2968 6

224 3000 225 3006 ’
343 3005 501 3066 Delusum
519 3002 646 3067 domini
659 3007 809 3068 verberat
822 3006 873 3068 ira
886 3027 1009 3070 canem.

305 3111 425 3173 Reddit
439 3115 536 3176 verba
548 3111 646 3176 Canis
656 3131 666 3170 t
678 3114 767 3174 Dum
778 3101 831 3198 die
842 3112 897 3197 pia
914 3115 1048 3197 pertulit
1062 3122 1166 3196 aetas,

346 3215 442 3276 Nulla
456 3237 563 3279 meum
575 3216 681 3298 potuit
693 3217 805 3282 fallere
820 3223 940 3300 praeda
954 3223 1082 3303 pedem.

306 3313 459 3376 Defendit
469 3317 551 3384 senii
565 3319 695 3399 eulpam
708 3321 779 3382 laus
791 3323 900 3403 ampla
917 3321 1086 3383 iuventae:

346 3417 410 3479 Pro
424 3436 501 3478 sene
516 3419 573 3496 qui
588 3419 720 3501 cecidit,
734 3422 819 3484 facta
834 3422 943 3506 priora
954 3423 1077 3508 vigent.
1213 3441 1258 3485 ιο

307 3525 423 3586 Nullus
434 3542 527 3608 emor
540 3525 650 3602 durat,
668 3525 731 3586 nisi
743 3527 866 3592 fructus
878 3537 983 3591 servet
996 3543 1157 3591 amorem:

349 3627 494 3714 Quilibet
509 3637 556 3691 est
569 3627 665 3708 tanti,
682 3649 818 3693 munera
831 3643 952 3714 quanta
967 3631 1052 3694 facit.

309 3737 447 3818 Magnus
457 3754 561 3816 eram,
574 3737 650 3798 dum
664 3755 783 3821 magna
798 3739 889 3800 dedi:
903 3739 969 3800 iam
981 3737 1144 3801 muscidus
1156 3737 1261 3803 annin

349 3837 462 3922 vileo,
475 3842 515 3903 de
525 3841 628 3904 veteri
640 3841 762 3922 mentiti
775 3844 866 3906 nulla
879 3846 978 3906 bono.
