2848 4792
311 404 349 476 48
506 395 733 459 Pulsum
758 395 1062 454 Fussuuruuu
1093 351 1100 364 ’

256 611 258 620 y
309 535 651 620 Iustoquevindicavit
665 538 814 616 exemplo
830 527 1002 616 impetum.
1115 560 1117 566 ’
1224 554 1277 598 ao

225 726 228 735 Ι
309 644 399 726 Quid
417 661 495 726 ergo
514 661 645 722 possum
655 641 761 703 facere
776 640 850 720 tibi,
865 643 968 702 lector
981 641 1077 722 Cato,
1139 707 1141 716 ,

308 749 342 810 Si
357 768 417 810 nee
433 745 571 808 tabellae
589 753 619 805 te
631 743 760 822 iuvant,
774 763 834 804 nee
848 743 1003 804 fabulae?
1063 789 1065 794 -
1106 775 1109 778 ·

308 853 383 913 Noli
394 851 548 912 molestus
559 869 627 911 esse
643 849 781 910 omnino
794 847 912 928 literis,

307 955 467 1017 Maiorem
481 953 656 1014 exhibeant
674 974 715 1014 ne
730 951 790 1015 libi
802 950 997 1014 molestiam.

235 1115 236 1119 ,
347 1065 420 1122 Hoc
431 1060 497 1122 illis
511 1059 635 1121 dictum
647 1069 703 1138 est,
723 1057 781 1136 qui
792 1053 928 1118 stultitia
949 1065 1120 1138 nauseant,
1217 1059 1258 1120 25

307 1167 361 1248 Et,
378 1175 414 1229 ut
429 1174 585 1248 putentur
595 1185 726 1247 sapere,
738 1163 868 1226 coelum
880 1159 1077 1244 vituperant.

326 1374 328 1385 ²
405 1411 407 1419 s
503 1367 1022 1440 ‘FABULAVIIL

564 1543 989 1598 merueramus.

305 1637 585 1751 Monnlcroaru
600 1683 658 1763 qui
674 1683 826 1774 improbo
840 1686 937 1746 dente
950 1686 1092 1767 appetit,

208 1771 211 1775 ⁵
303 1798 376 1859 Hoc
390 1802 584 1880 argumento
602 1811 636 1854 se
651 1789 792 1855 describi
808 1789 934 1854 sentiat

345 1899 384 1960 In
397 1895 562 1960 officinam
574 1892 661 1958 fabri
673 1894 764 1958 venit
774 1894 916 1976 ,viper-a..

302 2006 392 2066 Haec
405 2023 479 2064 cum
494 2009 645 2084 tentaret,
658 2001 686 2063 si
698 2021 764 2080 qua
776 2022 827 2067 res
841 2010 923 2064 esset
934 2001 1014 2084 cibi,
1109 2062 1119 2076 ,

302 2107 430 2168 Limam
444 2107 631 2168 momordit.
651 2108 712 2169 Illa
726 2117 839 2170 contra
857 2118 1050 2189 contumax,
1232 2115 1251 2180 6

303 2215 393 2297 Quid
406 2234 471 2296 me,
487 2215 611 2294 iuquit,
623 2215 737 2296 stulta,
751 2217 847 2276 dente
860 2225 968 2297 captas
980 2216 1129 2300 laedere,

303 2319 411 2382 Omne
430 2319 565 2382 adsuevi
581 2317 705 2380 ferrum
718 2337 802 2396 quae
818 2319 1015 2382 corrodere?

464 2496 490 2601 '.
562 2518 996 2592 aerucam.

539 2695 718 2750 vuarrs
744 2697 801 2747 ar
828 2663 1013 2747 unicus.

280 2893 284 2898 -
301 2805 431 2917 Hono
445 2851 481 2914 in
495 2851 656 2932 periclum
670 2851 809 2913 simulac
821 2847 912 2912 venit
928 2851 1083 2934 calliduS,
1174 2867 1177 2882 “

298 2955 455 3036 Reperire
461 2952 624 3042 effirgium
643 2955 775 3018 alterius
790 2955 917 3036 quaerit
931 2958 1028 3018 malo.

339 3061 422 3142 Cum
439 3059 609 3132 decidisset
623 3059 739 3142 Vulpis
753 3060 788 3121 in
803 3069 940 3142 puteum
955 3059 1071 3142 inscia,

297 3162 337 3222 Et
348 3162 463 3225 altiore
477 3168 682 3228 clauderetur
697 3165 865 3252 margine;

220 3333 223 3354 Ι
296 3265 436 3328 Devenit
449 3269 567 3331 Hircus
582 3270 692 3332 sitiens
712 3269 746 3331 in
763 3261 905 3332 eundem
922 3272 1053 3350 locum,
1228 3267 1246 3328 5

297 3368 401 3430 Simul
417 3371 562 3455 rogavit,
580 3373 662 3436 esset
679 3393 722 3434 an
741 3375 846 3438 dulcis
862 3375 986 3458 liquor,

296 3472 336 3533 Et
347 3471 517 3552 copiosus?
534 3475 595 3534 Illa
611 3475 759 3536 fraudem
779 3478 933 3540 moliens:

296 3578 481 3655 Descende,
502 3577 620 3657 amice,
638 3589 725 3640 tanta
738 3583 865 3644 bonitas
877 3593 927 3646 est
937 3603 1063 3666 aquae,

296 3684 454 3762 Voluptas
470 3695 506 3745 ut
517 3683 628 3747 satiari
639 3682 705 3748 non
716 3690 815 3769 possit
828 3713 911 3753 mea.

295 3785 650 3856 Immisitsellarhatus.
668 3793 754 3855 Tum
767 3797 950 3878 vulpecula
978 3840 980 3844 -
1211 3815 1249 3860 ao

230 3894 233 3901 .
438 3897 451 3924 ,
918 3893 920 3902 .
