2916 4790
333 501 370 564 ep
476 537 482 554 ¹
528 462 1084 536 PHAEDthFABU-LARUM

329 617 369 680 In
385 636 450 698 qua
465 610 597 675 retentis
613 605 789 690 impeditus
806 601 975 678 cornibus,

329 719 481 790 Lacerari
501 715 608 798 eoepit
620 710 782 775 morsibus
798 705 904 776 saevis
919 722 1048 774 eanum.
1116 769 1120 776 ¹
1183 777 1188 793 ‚

328 829 422 890 Tunc
440 822 581 885 moriens
596 837 711 880 vocem
722 817 807 876 hauc
819 810 957 874 edidisse
972 809 1113 872 dicitur:
1143 839 1146 844 ·

240 947 243 956 ’
330 933 360 994 0
373 952 426 992 me
435 927 615 990 infelicem!
633 923 691 1004 qui
705 941 794 982 nune
811 921 945 980 demum
957 913 1131 1007 intelligo,

328 1033 432 1096 Utilia
450 1031 531 1094 mihi
546 1049 646 1111 quam
661 1025 799 1106 fuerint,
813 1041 897 1104 quae
913 1025 1142 1104 despexeram,

328 1140 384 1222 Et,
404 1158 487 1220 quae
503 1137 688 1214 laudaram,
702 1136 864 1212 quantum
876 1128 983 1190 luctus
997 1121 1182 1188 habuerint.
1242 1121 1278 1182 rs

561 1328 867 1408 FABULA
915 1327 1044 1440 XJH3

556 1513 740 1570 vuurrs
767 1463 823 1563 ei
849 1495 1053 1562 corvus.

331 1626 429 1765 Qur
447 1685 482 1729 se
494 1659 623 1726 laudari
634 1660 778 1743 gaudent
793 1656 901 1720 verbis
914 1654 1076 1736 subdolis,

328 1778 406 1838 Sera
421 1773 499 1833 dant
517 1785 638 1850 poenas
653 1774 762 1847 turpes
778 1763 987 1852 poenitentia.

369 1883 453 1941 Cum
470 1878 511 1937 de
527 1875 668 1937 fenestra
684 1875 808 1934 Corvus
828 1881 959 1952 raptum
974 1863 1105 1933 caseum

330 1991 481 2051 comesse
493 1963 605 2062 vellet,
623 1982 708 2044 celsa
721 1980 865 2043 residens
880 1984 1012 2058 arbore3
1043 1967 1047 1976 ’

329 2097 427 2157 Hune
443 2087 525 2151 vidit
535 2086 667 2169 Vulpis,
687 2085 807 2146 deinde
826 2082 873 2146 sie
891 2085 999 2166 coepit
1016 2082 1123 2164 loqui:
1260 2079 1283 2140 5

331 2197 362 2258 Ο
378 2190 435 2283 qui
453 2201 600 2272 tuarum,
612 2194 737 2270 Corve,
754 2208 938 2271 pennarum
958 2196 1006 2250 est
1020 2186 1125 2248 nitori

157 2281 160 2288 r
218 2370 220 2378 Α
272 2328 274 2332 ’
331 2307 497 2386 Quantum
519 2295 642 2382 decoris
661 2313 799 2375 corpore
813 2304 845 2355 et
864 2294 961 2354 vultu
975 2291 1077 2378 geris!

330 2409 495 2472 Sironem
513 2408 664 2483 haberes,
682 2402 775 2464 nulla
789 2399 882 2481 prior
899 2400 966 2462 ales
984 2397 1079 2462 foret.

328 2518 371 2576 At
382 2514 440 2576 ille
451 2501 583 2593 stultus,
602 2513 683 2574 dum
696 2511 768 2572 vult
779 2527 894 2570 vorem
907 2509 1096 2608 ostenuere,

329 2618 446 2682 Emisit
464 2636 520 2680 ore
539 2637 685 2692 caseum3
706 2635 804 2696 quem
823 2612 972 2674 celeriter
1240 2627 1279 2668 ro

229 2719 232 2726 ’
329 2725 452 2785 Dolosa
463 2722 580 2803 VulpIs
594 2719 698 2783 avidis
716 2718 826 2801 rapuit
844 2713 1004 2779 dentibus.
1046 2752 1049 2760 ·

330 2827 416 2888 Tum
432 2827 564 2888 demum
576 2821 736 2910 ingemuit
749 2822 850 2884 Corvi
862 2823 1014 2902 deceptus
1030 2803 1152 2900 stupor.

461 3003 463 3007 Ι
697 2939 718 2982 e
795 2939 816 2980 r
893 2937 914 2978 e

277 3019 285 3026 .
369 3044 441 3104 Hac
455 3061 490 3104 re
504 3027 662 3123 probatur
675 3039 861 3128 ingenium:
882 3045 1040 3117 quantum
1055 3033 1143 3096 velet

330 3143 477 3226 Virtute,
500 3143 547 3206 ita
558 3163 686 3227 semper
702 3142 869 3227 praevalet
882 3134 1050 3221 sapientia.

539 3339 865 3411 ‘FA'BULA
915 3338 1037 3411 XIV.
1149 3357 1153 3364 '

532 3513 807 3570 exsuronn
836 3505 1068 3570 unricus.
1180 3553 1182 3562 Α

321 3626 474 3741 'Manus
489 3691 563 3732 curn
577 3671 688 3751 Sutor,
706 3667 819 3752 inopia
832 3668 1035 3754 deperditus,

328 3773 523 3838 Medicinam
542 3775 655 3861 ignoto
673 3775 779 3838 facere
797 3775 950 3856 coepisset
969 3777 1060 3852 loco,

257 3939 259 3946 .
329 3881 368 3967 Et
380 3881 558 3945 venditaret
574 3882 655 3946 falso
668 3881 849 3944 antidotum
869 3878 1021 3957 nomine3
1070 3885 1075 3893 '
