2916 4790
354 445 436 501 sxx
538 417 788 494 uorum
812 393 1146 492 mansurus

473 586 596 648 Aurelia.
609 582 705 646 8ntiu.
714 615 755 632 -
768 581 932 644 Consilium
945 579 1081 642 editionis
1095 577 1138 640 lus
1149 578 1247 642 verbis
1258 597 1310 641 ex-

473 665 594 746 ponitur
606 665 635 726 in
647 663 802 744 praemissa
818 661 1058 724 introductione:
1079 657 1147 722 uCe
1159 659 1248 722 Livre
1264 677 1312 722 est

473 742 609 812 divise'eu
621 745 698 806 deux
713 746 827 823 parties.
841 742 879 804 La
893 740 1035 824 premiere
1047 741 1179 802 contient
1192 741 1219 802 le
1229 758 1311 804 texte

474 829 511 889 de
525 827 675 901 l’Auteur3
693 825 722 884 la
742 823 868 886 seconde
882 821 922 884 les
937 823 1053 904 paroles
1073 823 1110 882 du
1125 831 1222 896 texte,
1238 822 1310 884 mais

344 915 347 924 '
474 907 650 969 construites
673 903 868 975 mot-snos,
890 902 1073 984 proposition
1092 921 1143 980 par
1170 904 1311 983 proposi·

306 991 309 998 “
473 989 548 1048 tion.
571 987 627 1048 Les
641 984 763 1050 ecoliers
782 999 1025 1058 commenceront
1040 983 1160 1045 d'abord
1177 1002 1228 1064 par
1239 986 1311 1046 s’ex·

474 1085 557 1129 ercet
568 1087 617 1130 sur
631 1067 657 1128 la
668 1065 795 1130 seconde
830 1065 920 1140 artie,
940 1081 970 1124 et
990 1061 1071 1126 iisne
1088 1064 1310 1126 viendtoutsur

474 1149 502 1210 le
513 1164 607 1223 texte,
623 1167 681 1228 que
691 1087 835 1227 lorsqu’ifs
846 1145 979 1210 eroiront
986 1145 1051 1208 esre
1060 1159 1141 1206 assez
1149 1141 1225 1206 forts
1233 1163 1310 1226 pout

471 1232 606 1311 pouvoir
619 1228 802 1312 l'expliquer‚
821 1242 851 1289 et
864 1225 891 1289 le
905 1226 1009 1287 rendre
1024 1242 1061 1286 en
1075 1223 1200 1305 ftaueais
1219 1225 1309 1286 suivi.

475 1310 563 1373 Alors
589 1309 623 1372 ils
644 1329 682 1370 ne
698 1310 797 1370 diront
821 1307 897 1386 plus:
919 1309 1013 1388 Agrais
1029 1305 1113 1386 (sic)
1131 1307 1311 1389 stadarsupe-

474 1395 542 1466 rior,
558 1391 689 1470 I’Agneats
702 1411 729 1448 se
744 1391 821 1484 tenuit
834 1386 979 1483 supe'rt'eur3
989 1387 1061 1448 mais
1079 1386 1213 1467 I’Agmau
1223 1409 1250 1448 se
1267 1403 1310 1448 te·

246 1616 250 1624 ,
345 1469 937 1624 ν--Ῑὲἶὲῐξέῖὖέἲιῧῐιξπῒὼεῖἓῑείἓξῖ
953 1547 1115 1631 (Tomulis
1139 1563 1210 1610 octo
1226 1565 1310 1610 cotn-

474 1632 606 1728 plectens
616 1647 755 1694 auctores
768 1630 887 1694 Latinos
896 1648 1010 1693 veteres
1022 1629 1175 1711 prosaicos
1185 1646 1216 1691 et
1228 1634 1309 1712 polit.

473 1713 600 1774 iuvenili
619 1711 737 1774 lectioni
753 1713 937 1792 potissimum
959 1711 1217 1785 accommodatos,
1239 1729 1311 1793 par·

476 1793 528 1856 tint
544 1791 694 1874 integros,
712 1790 816 1875 pattitn
831 1790 1017 1875 excerptos.)
1032 1791 1220 1863 adornavit,
1241 1807 1310 1853 tex·

477 1890 541 1936 tutu
555 1888 709 1938 auctorum
729 1875 921 1958 recognovit,
940 1873 1178 1935 introductiones
1188 1871 1310 1952 singulis

476 1956 644 2036 praemisit,
662 1971 748 2018 notas
763 1956 874 2034 criticas
884 1955 913 2015 in
926 1954 1007 2016 calce
1022 1952 1127 2019 adiecit
1137 1955 1232 2014 Fratre.
1244 1953 1307 2014 Nic.

454 2089 457 2096 n
480 2038 559 2118 Tisse.
570 2035 654 2097 lincir'
663 2082 675 2108 ,
686 2057 730 2116 ap.
741 2036 849 2098 Eurich.
864 2034 894 2097 8.
902 2067 944 2084 -
953 2035 1050 2098 Exstat
1060 2034 1208 2097 Phaedrus
1216 2031 1308 2096 Tom.

387 2169 394 2184 ,
478 2113 516 2176 ll.
532 2117 683 2196 separatim
699 2133 820 2198 quoque
834 2112 999 2178 vendibilis.
1185 2161 1188 2178 .

360 2193 438 2258 180⁶
477 2197 601 2258 Phaedri
619 2196 747 2259 Fabulae
765 2197 878 2276 Aesop.
898 2196 941 2258 Ex
958 2195 1077 2280 optimis
1093 2194 1311 2260 ascensionibus

476 2275 626 2338 iuventuti
648 2277 804 2339 editionem
830 2278 964 2352 cutavit,
985 2295 1015 2340 et
1032 2277 1242 2360 quadripartita
1263 2273 1311 2338 fa·

446 2381 449 2388 ·
476 2359 609 2420 bolarum
630 2358 790 2440 appendice
814 2359 848 2418 ad
866 2360 1095 2436 comparandum
1116 2359 1252 2422 instruxit
1268 2357 1308 2421 D.

481 2441 557 2500 Guil.
571 2440 646 2518 laps.
659 2441 780 2512 Posuae,
795 2442 871 2522 apud
879 2441 973 2500 Killa.
986 2438 1015 2500 8.
1197 2433 1201 2452 ’

357 2519 541 2583 ---Lat.
553 2537 583 2582 et
593 2519 669 2662 ‘³³2‘
682 2519 814 2593 Parisiis,
827 2545 873 2602 ap.
887 2521 1049 2582 Dtiiotnatu
1062 2520 1126 2603 usi.
1148 2519 1194 2586 18.
1206 2525 1223 2581 a·
1234 2517 1308 2582 voll.

566 2621 597 2661 ll
624 2649 631 2662 .
704 2645 713 2664 ι

356 2619 787 2744 ’ὲ-ἓῗιΐοότίοἱῖεξιῇαωω
796 2679 905 2762 Aesop.
919 2679 1000 2743 Libri
1008 2682 1047 2746 V.
1055 2682 1093 2744 ad
1104 2681 1230 2746 Codices
1240 2697 1310 2741 mss.

479 2777 508 2824 et
519 2760 645 2842 optimas
660 2757 807 2826 editiones
816 2762 1008 2844 recognovit,
1026 2764 1196 2826 varietatem
1205 2761 1312 2822 lectio-

479 2841 524 2901 nis
542 2857 572 2901 et
591 2843 832 2904 commentarium
850 2860 1025 2924 perpetuum
1046 2843 1150 2906 adiecit
1169 2845 1211 2904 10.
1229 2835 1312 2903 Gott'-

479 2921 524 2980 lod
550 2923 624 2981 Sam.
645 2923 781 2984 Schwabe.
815 2923 968 2985 Accedunt
988 2923 1107 2987 Romuli
1133 2924 1309 2986 Fabutsrun

479 3000 678 3083 Aesopiarum
688 3001 766 3063 Libri
779 3001 835 3065 IV.
850 3005 885 3065 ad
895 3003 1037 3067 Codieem
1053 3005 1269 3084 Divionensent
1281 3018 1311 3063 et

479 3082 678 3164 perantiquam
709 3081 866 3146 editionem
890 3083 1060 3148 Ultnensern
1085 3104 1163 3148 nunc
1185 3085 1311 3166 primunt

478 3162 623 3224 emendati
641 3179 673 3225 et
687 3163 764 3226 uotis
779 3164 922 3226 illustrati.
945 3165 1022 3228 Cunt
1039 3167 1143 3232 tabulis
1159 3167 1218 3229 aeri
1233 3164 1311 3226 inei-

398 3261 402 3268 '
478 3244 527 3304 sis.
541 3245 712 3327 Bruust'vr’gnr
719 3290 731 3317 ,
752 3265 839 3307 sumtu
853 3247 928 3308 Frr'd.
942 3249 1072 3329 Visurgii.
1086 3248 1104 3309 8
1116 3248 1183 3308 mai.
1206 3242 1314 3314 avoll-¹

478 3353 520 3370 -
538 3323 686 3386 Praestent
698 3326 801 3401 editio,
823 3345 882 3408 qua
900 3324 1015 3410 liuguae
1032 3329 1151 3392 Latinae
1167 3340 1199 3388 et
1214 3325 1313 3392 litera·

478 3420 560 3466 turae
572 3403 728 3484 antiquae,
744 3425 798 3468 uec
813 3426 873 3468 non
885 3408 1021 3471 historiae
1033 3409 1177 3479 literariae
1189 3407 1312 3490 cupido·

478 3503 563 3576 runs,
579 3487 702 3546 maxime
726 3488 930 3583 uragisttoruut
947 3488 1132 3562 scholarum,
1149 3487 1311 3584 rationibus

366 3663 369 3670 -
476 3565 1312 3719 illsslllll?ffl'llsldlltltlllils

476 3726 512 3786 de
528 3723 674 3803 Phaedro,
690 3727 850 3792 Elenchunt
860 3729 1002 3795 Codicum
1021 3747 1050 3794 et
1061 3729 1311 3794 indicenteditio·

476 3823 548 3866 nunt
566 3825 600 3870 ac
611 3809 783 3870 vetsiooutu
798 3813 973 3884 continens,
989 3829 1055 3874 cum
1074 3811 1221 3892 catalogo
1233 3809 1312 3873 Scri·

479 3903 599 3968 ptotutn
611 3888 769 3953 Phaedrum
785 3889 1009 3966 illustrantibus,
1028 3909 1087 3955 tatu
1101 3894 1310 3976 antiquorum,
1338 3957 1345 3964 ,
