2750 4782
352 395 407 466 ro
662 349 983 452 Anonrnr

347 536 397 594 Tu
411 533 493 592 bene
510 530 596 592 surra
608 547 722 614 neges,
741 537 771 591 re
785 528 870 592 virae
884 531 999 612 purior
1014 553 1091 596 usus

335 643 338 651 ⁴
387 637 534 698 Liberat:
552 639 638 699 hane
655 637 746 698 litem
763 653 835 716 pax·
842 637 970 712 domat,
986 638 1035 698 ira
1050 637 1151 700 dedii.

347 744 543 828 Simplicitas
559 743 646 822 veri,
663 743 752 804 fraus
767 753 879 821 estque
894 764 1055 825 puerpera
1072 743 1169 808 falsi:
1338 821 1340 828 Ι

388 855 463 914 Esse
478 852 583 912 solent
598 848 685 910 virae
698 867 840 910 consona
854 853 954 911 verbe
970 869 1056 912 suae.
1136 857 1138 862 ’
1293 876 1334 917 ιο

242 995 244 1005 ‚
347 957 503 1022 Sordibns
513 954 632 1018 imbuti
649 964 813 1034 nequeunt
826 953 990 1020 dimittere
1003 957 1155 1018 sordem:

389 1067 513 1129 Fallere
529 1062 587 1148 qui
603 1062 737 1145 didicit,
753 1063 866 1126 fallere
877 1083 1007 1146 semper
1020 1072 1117 1126 amat.

543 1337 553 1363 ·
594 1252 622 1322 F
647 1251 677 1322 A
702 1251 731 1321 Β
755 1251 788 1322 U
813 1253 843 1320 L
868 1251 900 1321 A
948 1251 986 1321 Χ
1001 1253 1039 1322 [μ

457 1413 459 1418 ’
501 1431 563 1482 oe
592 1428 798 1482 nosrroo
826 1427 882 1481 nr
910 1428 1153 1485 nosram.-

393 1519 398 1546 i

348 1549 499 1658 Prinos
514 1594 575 1655 viri
589 1596 712 1675 praedo
727 1582 858 1656 rnuruni
873 1597 1009 1658 Mustela
1020 1607 1194 1678 precatur:

389 1705 437 1762 Da
455 1703 600 1780 veniam,
615 1705 713 1765 debes
728 1722 876 1784 parcere,
896 1723 991 1785 parce
1008 1699 1102 1766 inihi.

348 1813 445 1894 Quod
457 1822 542 1873 care!
552 1812 643 1874 hoste
653 1813 785 1890 domus,
799 1812 889 1890 quod
902 1813 991 1874 abest
1003 1813 1148 1894 asorde,
1160 1813 1291 1892 ‘fatetur

387 1923 462 1983 Esse
473 1941 599 2002 meum,
611 1941 673 2003 pro
686 1937 739 1982 me
750 1930 781 1983 re
794 1929 905 2005 rogat,
924 1941 1001 2007 ergo
1016 1921 1101 1985 fave.
1135 1955 1138 1965 r
1363 2001 1364 2004 Ἴ

348 2030 486 2094 servitio
500 2052 553 2093 me
563 2033 662 2092 redde
677 2041 752 2112 ruo¹
765 2029 848 2092 mihi
861 2031 960 2092 redde
975 2032 1119 2113 labores,
1290 2032 1306 2094 ⁵

388 2133 551 2211 Praemia3
569 2154 630 2216 pro
646 2135 734 2196 dono
751 2134 793 2196 sit
807 2135 880 2196 meis
893 2135 960 2197 vita
973 2135 1066 2196 mihi.

347 2241 408 2302 me
418 2239 530 2300 refert:
548 2238 664 2320 Operis
681 2242 820 2302 debetur
835 2241 939 2328 gratia
953 2243 1071 2325 menti,

389 2353 460 2412 Non
472 2347 579 2430 operi:
596 2359 728 2433 gratum
740 2369 833 2411 mens
846 2352 934 2412 bona
945 2349 1051 2411 reddit
1065 2369 1159 2430 opus.

319 2523 325 2536 ,
349 2461 470 2538 Nemo,
485 2457 560 2519 licei
570 2457 688 2538 prosit,
702 2454 765 2518 nisi
776 2458 847 2518 vult
861 2437 1027 2540 prodesse,
1041 2459 1198 2520 meretur.

389 2567 461 2626 Non
475 2564 626 2644 prodesse
638 2571 741 2643 potest
754 2560 879 2642 hostis,¹
889 2565 1000 2630 obesse
1015 2563 1137 2625 volens.
1269 2587 1300 2627 ιο

350 2675 432 2734 Cum
446 2670 526 2732 mihi
536 2671 718 2751 prodesses,
737 2667 819 2731 mihi
830 2688 901 2732 non
908 2671 1059 2750 prodesse
1073 2667 1225 2732 volebas:
1304 2705 1306 2712 ι

388 2775 544 2836 Hostibus
554 2773 624 2855 ipsa
637 2772 733 2854 meis,
751 2785 783 2836 et
800 2783 890 2837 meus
903 2774 1003 2837 hostis
1014 2789 1093 2837 eras.

315 2870 319 2881 “
336 2883 422 2963 Non
432 2877 514 2941 mihi
525 2887 668 2940 monstra
679 2899 814 2960 necans,
823 2867 884 2941 sed
895 2899 965 2942 eras
977 2879 1036 2942 tibi
1046 2879 1186 2962 provida
1197 2883 1278 2947 soli:

390 2988 442 3051 Sic
454 3007 573 3070 panem
586 2995 715 3069 poteras
727 2989 843 3047 rodere
855 2987 924 3048 sola
938 3005 1057 3048 meum.

350 3096 438 3156 Pane
447 3111 520 3154 meo
534 3075 683 3179 pinguis,
702 3089 786 3152 mihi
802 3093 843 3152 da
860 3091 1069 3178 pinguedinis
1084 3113 1198 3158 usum:
1262 3097 1296 3158 15

274 3233 276 3238 .
390 3199 526 3261 Damnis
538 3219 640 3281 penso
650 3187 776 3270 neeems
791 3198 890 3284 digna
902 3198 1010 3279 perire
1024 3198 1105 3280 peri.

340 3303 404 3368 -Nn
419 3305 548 3364 decorat
563 3303 701 3384 factum,
718 3302 781 3366 nisi
795 3303 871 3366 faeti
885 3303 954 3366 sola
969 3305 1135 3365 voluntas:

392 3407 465 3468 Non
479 3403 588 3486 operis
597 3407 736 3470 fluctum
743 3453 754 3490 ,
770 3409 828 3473 sed
839 3411 915 3473 volo
928 3408 1045 3480 meniis
1062 3428 1153 3493 opus.
