2848 4792
443 439 650 502 LIBER
688 433 755 503 tv.

122 586 233 652 Evasit
245 587 360 669 puteo,
379 581 456 645 nixa
473 579 569 670 celsis,
581 577 752 662 cornibus,

122 689 327 768 Hircumque
340 687 450 751 clauso
465 681 561 763 liquit
576 683 766 779 haerentem
776 679 871 742 vado.
964 671 966 684 '

280 971 284 982 ,
395 861 589 962 rn'ssu
613 829 700 958 cn
748 887 795 960 x.

342 1064 403 1115 DE
430 1060 579 1116 virus
606 1059 850 1113 HOMINUM.

124 1175 250 1292 Penus
262 1216 418 1302 imposuit
434 1215 558 1298 Iupiter
571 1214 665 1280 nobis
681 1215 778 1278 duas:

124 1326 270 1408 Propriis
284 1326 442 1416 repletam
454 1322 543 1406 uitiis
555 1331 628 1404 post
644 1331 770 1407 tergum
782 1319 891 1404 dedit,

123 1435 248 1501 Alienis
257 1443 333 1496 ante
342 1441 453 1516 pectus
467 1429 635 1513 suspendit
648 1447 791 1514 gravem.

165 1542 237 1602 Hac
251 1559 287 1600 re
306 1536 415 1600 videre
432 1548 542 1601 nostra
559 1537 646 1597 mala
663 1551 730 1595 non
747 1551 937 1616 possumust

125 1642 192 1706 Alii
202 1641 300 1709 simul
314 1641 527 1724 delinquunt,
542 1657 692 1710 censores
704 1655 826 1703 sumus.
888 1663 892 1670 ·
1058 1638 1077 1702 5

380 1845 408 1915 F
431 1843 463 1913 A
489 1843 516 1912 B
542 1843 575 1914 U
601 1843 632 1913 L
655 1843 688 1914 A
717 1841 815 1914 XI.

319 2019 412 2076 run
438 2017 573 2072 anan
602 1979 927 2072 co'nmnusr‘

128 2129 334 2242 Luccnunu
346 2173 401 2238 fur
413 2172 562 2236 accendit
573 2193 615 2244 er
631 2189 688 2232 ara
706 2170 809 2255 Iovis,

101 2353 105 2361 Ι
126 2281 305 2362 Ipsumque
316 2275 505 2359 compilavit
519 2278 562 2338 ad
576 2278 689 2338 lumen
700 2297 807 2340 suum.

127 2384 274 2445 Onustus
290 2377 460 2470 sacrilegIo
477 2399 552 2440 cum
572 2375 771 2458 discederet,

126 2488 275 2568 Repente
293 2502 407 2548 vocem
424 2475 533 2548 sancta
552 2479 641 2547 inisit
659 2481 805 2570 Religior
886 2532 889 2547 ,

37 2570 39 2575 ’
127 2593 292 2654 Malorum
310 2591 460 2671 quamvis
479 2589 539 2652 ista
556 2587 678 2650 fuerint
692 2607 847 2670 munera,
1057 2589 1076 2656 ὅ

127 2694 277 2774 Mihique
291 2693 414 2776 invisa,
431 2703 468 2756 ut
483 2711 550 2756 non
568 2690 718 2756 offendar
733 2689 872 2775 surripi3

127 2778 271 2877 Tamen,
291 2797 440 2878 sceleste,
457 2795 573 2879 spiritu
590 2799 721 2878 culpam
734 2798 822 2879 lues,

128 2904 219 2966 Olim
233 2903 501 2987 cumadscriptus
517 2901 643 2966 venerit
664 2921 790 2984 poenae
804 2901 882 2966 dies.

128 2989 192 3068 Sed
203 3026 246 3067 ne
258 3005 344 3092 ignis
359 3015 469 3070 noster
486 3003 625 3069 facinori
643 3005 846 3086 praeluceat,

129 3112 191 3170 Per
206 3129 305 3188 quem
318 3109 477 3170 verendos
493 3107 612 3170 excolit
629 3106 732 3188 pictas
747 3110 849 3192 Deos,
987 3117 990 3123 '
1036 3129 1074 3171 10

89 3227 93 3240 '
127 3215 212 3277 Veto
226 3211 292 3275 esse
310 3215 373 3276 tale
390 3193 525 3278 luminis
542 3213 785 3276 commercium.

128 3317 178 3376 Ita
189 3315 288 3378 hodie
309 3327 370 3380 ne'c
386 3319 553 3381 lucernam
575 3319 615 3378 de
633 3319 764 3380 flamma
776 3315 897 3399 neum,

129 3423 198 3482 Nec
211 3420 252 3480 de
269 3419 402 3484 lucerna
418 3422 466 3484 fas
483 3435 530 3484 est
544 3421 679 3484 accendi
695 3443 834 3486 sacrum.

170 3529 258 3608 Quot
271 3545 321 3586 res
334 3526 498 3590 contineat
507 3529 570 3590 hoc
583 3539 813 3612 argumentum
827 3528 939 3608 utiles,

129 3633 203 3694 Non
218 3629 392 3710 explicabit
407 3631 504 3711 alius,
517 3653 616 3712 quam
635 3634 692 3714 qui
706 3633 837 3716 reperit.
1036 3633 1071 3694 15

129 3735 296 3822 Significat
309 3736 435 3817 primo,
448 3758 560 3818 saepe,
577 3759 657 3820 quos
671 3739 740 3821 ipse
756 3739 891 3822 alueris,

128 3837 206 3905 Tibi
224 3837 366 3900 inveniri
383 3839 525 3904 maxime
542 3842 738 3906 contrarios:

172 3933 314 3998 'Phaedrus
735 3963 754 4012 ⁴
