2750 4782
339 403 396 464 1⁶0
540 381 568 447 ‘.
651 390 968 456 nnouuuss

335 539 497 620 Invidiae,
512 539 646 621 perflata
661 555 774 620 genos,
789 533 892 618 ignita
906 529 1029 594 doloris

376 644 547 724 Flammis,
564 643 618 704 sax
631 639 784 702 iuvenem
798 647 898 700 torret
911 639 1035 697 honore
1045 633 1157 698 senis,

252 773 255 782 ·
335 748 433 834 Regis
443 747 479 809 in
491 766 570 808 aure
584 755 687 806 truces
698 741 793 826 fingit
807 743 848 802 de
863 740 934 802 cive
949 739 1116 818 querelas:
1304 734 1327 796 5

376 856 431 915 list
442 850 500 914 tihi
511 870 578 913 non
593 859 719 931 pastor,
734 846 792 908 sed
807 846 902 926 lupus
912 841 973 918 ille
983 862 1092 904 senex.

336 954 449 1018 Dilant
461 953 547 1013 furta
559 967 690 1029 senem,
708 947 810 1008 crevit
823 966 882 1007 sua
898 945 994 1028 copia
1008 942 1123 1024 furtis,

376 1061 414 1120 Et
427 1076 486 1120 suo
501 1057 542 1116 de
555 1072 652 1117 censu
666 1069 744 1136 geza
761 1048 862 1111 recise
876 1057 933 1110 too
946 1056 1003 1112 est.

335 1160 487 1224 Firmobo
502 1174 575 1218 mea
587 1154 687 1216 verba
698 1171 813 1227 manu3
830 1170 888 1214 sua
902 1151 988 1212 furta
1003 1147 1097 1212 fateri

376 1260 615 1328 Huncfaoiam:
634 1257 724 1318 bello
736 1253 844 1316 iudice
854 1273 954 1316 verus
965 1273 1031 1316 ero.
1266 1272 1309 1314 uo
1358 1275 1359 1284 ¹

337 1374 419 1432 Cum
431 1375 584 1430 moveant
594 1363 721 1426 obiecta
735 1381 863 1438 senem3
876 1362 951 1442 plus
964 1359 1081 1424 debilis
1096 1365 1196 1420 aetas

376 1479 472 1536 Hunc
486 1480 613 1549 movet,
629 1489 668 1532 ac
678 1466 762 1530 senii
776 1465 913 1530 crimine
928 1466 1016 1530 visus
1028 1467 1141 1528 hebes.

336 1583 476 1644 Pereunt
487 1576 560 1637 iura
573 1575 659 1654 seni,
677 1574 707 1636 si
721 1592 782 1654 pro
795 1593 872 1648 sene
884 1581 1009 1656 pugnat
1025 1571 1171 1652 amicus,

377 1684 437 1748 Cui
449 1681 569 1744 nullius
581 1698 676 1741 amor
688 1677 834 1741 ioenoris
850 1697 941 1740 arma
954 1679 1081 1768 probat.

335 1788 500 1856 Mendioat
510 1785 674 1872 pugilem:
688 1787 745 1848 sed
758 1787 849 1849 abest
860 1785 918 1867 qni
927 1795 1053 1871 pugnet
1061 1783 1214 1867 amicus,
1258 1785 1293 1846 15

376 1881 458 1956 Nain
474 1891 594 1976 refugit
611 1885 680 1950 viso
699 1889 829 1952 turbine
839 1891 938 1952 falsus
948 1901 1054 1956 amori

335 2002 423 2065 Dum
438 2001 568 2062 fortuna
582 2004 686 2076 tonat,
704 1995 857 2082 fugitivos
874 2007 971 2060 terret
984 1996 1123 2078 amieos,

376 2105 414 2181 Et
426 2101 498 2181 quis
511 2109 613 2180 ornet,
628 2098 702 2178 quis
711 2117 791 2180 non,
806 2102 876 2162 sola
888 2104 1031 2183 procella
1042 2105 1151 2166 docet.

336 2202 446 2269 Coena
460 2206 556 2298 troliit
566 2203 688 2283 civem,
705 2201 815 2267 differt
827 2225 894 2268 nox
906 2227 971 2268 una
983 2208 1150 2270 duellum:

374 2309 688 2374 Sollicitatmensam
701 2309 784 2394 iusto
795 2313 927 2391 querela
937 2311 1032 2374 senis.
1260 2333 1297 2378 oo

335 2420 426 2503 Quos
437 2417 560 2485 meritis
571 2417 650 2496 emi,
671 2420 790 2481 multos
801 2418 882 2481 mihi
893 2420 970 2482 fecit
981 2417 1104 2481 anticos

376 2525 488 2608 Longa
503 2525 585 2603 dies,
604 2538 736 2624 ounptos
749 2525 882 2587 abstulit
895 2529 976 2587 hora
990 2527 1108 2590 brevis.

334 2631 384 2691 De
397 2639 443 2691 tot
455 2615 636 2692 amicoruin
651 2633 776 2712 populo
794 2653 861 2694 non
877 2631 992 2696 restitit
1005 2649 1107 2708 unus3

375 2726 548 2819 Quamque
561 2737 637 2798 dedi
651 2737 775 2818 multis,
793 2756 889 2800 nemo
903 2746 1051 2818 repensat
1061 2756 1176 2818 opem.

335 2840 443 2906 Rebar
455 2861 534 2924 pace
546 2841 626 2904 frui:
644 2863 717 2905 mea
730 2844 805 2926 paci
820 2845 971 2932 congruit
986 2854 1088 2922 oelas3
1258 2849 1292 2912 25

375 2947 437 3008 Sed
449 2964 520 3008 meo
535 2945 677 3006 turbavit
690 2945 809 3032 gaudia
825 2947 911 3009 livor
922 2950 1014 3009 edax.

334 3052 429 3116 Hosti
446 3053 549 3116 multa
566 3071 640 3113 meo
652 3054 794 3134 palmam
808 3049 989 3137 pepigere:
1000 3061 1143 3134 tepesco,

330 3239 333 3244 Ι
374 3160 434 3220 Ille
445 3160 545 3234 colen
569 3176 663 3250 coreo
677 3157 816 3234 viribus,
835 3157 892 3220 ille
905 3158 1002 3246 viget.
1075 3192 1078 3202 =

334 3262 432 3324 Arma
450 3282 567 3343 parurn
582 3260 678 3338 novi,
693 3277 729 3323 se
746 3270 849 3322 toturn
865 3261 1015 3342 praebuit
1027 3258 1141 3323 armis:

374 3369 429 3426 Est
445 3364 527 3426 mihi
538 3365 623 3427 visus
638 3369 751 3446 hebes,
769 3366 856 3429 visus
864 3376 980 3432 acutus
989 3368 1030 3430 ei·
1247 3376 1289 3435 30

333 3467 387 3530 Nil
399 3466 480 3527 mihi
490 3469 628 3544 spondet
636 3487 749 3546 opem,
764 3468 826 3530 nisi
836 3467 939 3532 iustae
949 3467 1054 3554 gratio
1066 3485 1202 3533 causae:

374 3571 423 3630 De
436 3564 546 3653 fragili
560 3567 707 3646 queritur
720 3563 869 3648 praeside
887 3587 983 3631 causa
997 3580 1120 3649 potens.

335 3669 486 3753 Corporis
503 3669 648 3753 eclipsim
662 3669 752 3732 timet
769 3671 826 3732 alti
841 3672 935 3754 copia
949 3671 1071 3750 cordis,

376 3783 458 3846 Nam
470 3779 579 3867 fragili
591 3789 703 3864 peccat
719 3801 810 3846 inens
826 3779 973 3862 animosa
989 3800 1099 3862 manu,
