<?xml version="1.0" encoding="UTF-8"?>
<!DOCTYPE html PUBLIC "-//W3C//DTD XHTML 1.0 Transitional//EN"
    "http://www.w3.org/TR/xhtml1/DTD/xhtml1-transitional.dtd">
<html xmlns="http://www.w3.org/1999/xhtml" xml:lang="en" lang="en">
 <head>
  <title>
</title>
<meta http-equiv="Content-Type" content="text/html;charset=utf-8" />
  <meta name='ocr-system' content='tesseract 3.04.00' />
  <meta name='ocr-capabilities' content='ocr_page ocr_carea ocr_par ocr_line ocrx_word'/>
</head>
<body>
  <div class='ocr_page' id='page_1' title='image "./phaedriaugustil05phaegoog_0178.png"; bbox 0 0 2848 4792; ppageno 0'>
   <div class='ocr_carea' id='block_1_1' title="bbox 318 599 1104 818">
    <p class='ocr_par' dir='ltr' id='par_1_1' title="bbox 318 599 1104 868">
     <span class='ocr_line' id='line_1_1' title="bbox 318 599 1104 818; baseline -0.023 0"><span class='ocrx_word' id='word_1_1' title='bbox 318 599 943 818; x_wconf 72' lang='lat' dir='ltr'><strong>rursusi</strong></span> <span class='ocrx_word' id='word_1_2' title='bbox 1101 643 1104 652; x_wconf 67' lang='lat'>&#39;</span> 
     </span>
    </p>
   </div>
   <div class='ocr_carea' id='block_1_2' title="bbox 172 1101 1170 1458">
    <p class='ocr_par' dir='ltr' id='par_1_2' title="bbox 157 1029 1170 1458">
     <span class='ocr_line' id='line_1_2' title="bbox 172 1101 1170 1254; baseline -0.015 -33.222"><span class='ocrx_word' id='word_1_3' title='bbox 172 1113 598 1220; x_wconf 80' lang='lat' dir='ltr'>FABULARUM</span> <span class='ocrx_word' id='word_1_4' title='bbox 626 1101 1072 1254; x_wconf 67' lang='lat' dir='ltr'><strong>aesculanum</strong></span> <span class='ocrx_word' id='word_1_5' title='bbox 1160 1116 1170 1133; x_wconf 95' lang='lat'><strong>·</strong></span> 
     </span>
     <span class='ocr_line' id='line_1_3' title="bbox 340 1347 902 1458; baseline -0.004 -33"><span class='ocrx_word' id='word_1_6' title='bbox 340 1347 902 1458; x_wconf 63' lang='lat' dir='ltr'><strong>lussaQU1NTus</strong></span> 
     </span>
    </p>
   </div>
   <div class='ocr_carea' id='block_1_3' title="bbox 400 1729 840 1822">
    <p class='ocr_par' dir='ltr' id='par_1_3' title="bbox 400 1729 840 1822">
     <span class='ocr_line' id='line_1_4' title="bbox 400 1729 840 1822; baseline -0.016 -17"><span class='ocrx_word' id='word_1_7' title='bbox 400 1729 840 1822; x_wconf 74' lang='lat' dir='ltr'><strong>rsocoous</strong></span> 
     </span>
    </p>
   </div>
   <div class='ocr_carea' id='block_1_4' title="bbox 94 1874 1096 2866">
    <p class='ocr_par' dir='ltr' id='par_1_4' title="bbox 150 1874 811 2000">
     <span class='ocr_line' id='line_1_5' title="bbox 150 1874 811 2000; baseline -0.009 -16"><span class='ocrx_word' id='word_1_8' title='bbox 150 1874 299 1986; x_wconf 77' lang='lat' dir='ltr'><strong>Asson</strong></span> <span class='ocrx_word' id='word_1_9' title='bbox 312 1938 433 1982; x_wconf 87' lang='lat' dir='ltr'><strong>nomen</strong></span> <span class='ocrx_word' id='word_1_10' title='bbox 451 1917 556 1980; x_wconf 80' lang='lat' dir='ltr'><strong>sicubi</strong></span> <span class='ocrx_word' id='word_1_11' title='bbox 571 1917 811 2000; x_wconf 86' lang='lat' dir='ltr'><strong>interposuero,</strong></span> 
     </span>
    </p>

    <p class='ocr_par' dir='ltr' id='par_1_5' title="bbox 150 2005 905 2212">
     <span class='ocr_line' id='line_1_6' title="bbox 150 2005 905 2106; baseline -0.001 -21"><span class='ocrx_word' id='word_1_12' title='bbox 150 2023 215 2085; x_wconf 89' lang='lat' dir='ltr'><strong>Cui</strong></span> <span class='ocrx_word' id='word_1_13' title='bbox 225 2005 353 2086; x_wconf 75' lang='lat' dir='ltr'><strong>&#39;reddidi</strong></span> <span class='ocrx_word' id='word_1_14' title='bbox 364 2023 430 2085; x_wconf 84' lang='lat' dir='ltr'><strong>iam</strong></span> <span class='ocrx_word' id='word_1_15' title='bbox 442 2021 590 2106; x_wconf 84' lang='lat' dir='ltr'>pridem,</span> <span class='ocrx_word' id='word_1_16' title='bbox 610 2021 771 2104; x_wconf 89' lang='lat' dir='ltr'><strong>quidquid</strong></span> <span class='ocrx_word' id='word_1_17' title='bbox 788 2021 905 2104; x_wconf 90' lang='lat' dir='ltr'><strong>debui,</strong></span> 
     </span>
     <span class='ocr_line' id='line_1_7' title="bbox 150 2125 673 2212; baseline -0.004 -22"><span class='ocrx_word' id='word_1_18' title='bbox 150 2125 359 2190; x_wconf 73' lang='lat' dir='ltr'><strong>Auctoritatis</strong></span> <span class='ocrx_word' id='word_1_19' title='bbox 377 2147 443 2190; x_wconf 90' lang='lat' dir='ltr'><strong>esse</strong></span> <span class='ocrx_word' id='word_1_20' title='bbox 457 2126 673 2212; x_wconf 78' lang='lat' dir='ltr'><strong>scitogratitr:</strong></span> 
     </span>
    </p>

    <p class='ocr_par' dir='ltr' id='par_1_6' title="bbox 153 2231 906 2314">
     <span class='ocr_line' id='line_1_8' title="bbox 153 2231 906 2314; baseline 0 -20"><span class='ocrx_word' id='word_1_21' title='bbox 153 2235 198 2294; x_wconf 82' lang='lat' dir='ltr'><strong>Ut</strong></span> <span class='ocrx_word' id='word_1_22' title='bbox 210 2232 344 2312; x_wconf 82' lang='lat' dir='ltr'><strong>quidam</strong></span> <span class='ocrx_word' id='word_1_23' title='bbox 356 2231 493 2295; x_wconf 86' lang='lat' dir='ltr'><strong>artifices</strong></span> <span class='ocrx_word' id='word_1_24' title='bbox 510 2243 621 2298; x_wconf 87' lang='lat' dir='ltr'><strong>nostro</strong></span> <span class='ocrx_word' id='word_1_25' title='bbox 636 2233 761 2295; x_wconf 84' lang='lat' dir='ltr'><strong>faciunt</strong></span> <span class='ocrx_word' id='word_1_26' title='bbox 778 2233 906 2314; x_wconf 83' lang='lat' dir='ltr'><strong>seculo,</strong></span> 
     </span>
    </p>

    <p class='ocr_par' dir='ltr' id='par_1_7' title="bbox 152 2323 1096 2634">
     <span class='ocr_line' id='line_1_9' title="bbox 153 2330 1096 2424; baseline -0.007 -20"><span class='ocrx_word' id='word_1_27' title='bbox 153 2341 221 2424; x_wconf 79' lang='lat' dir='ltr'><strong>Qui</strong></span> <span class='ocrx_word' id='word_1_28' title='bbox 233 2339 373 2423; x_wconf 85' lang='lat' dir='ltr'><strong>pretium</strong></span> <span class='ocrx_word' id='word_1_29' title='bbox 389 2339 541 2422; x_wconf 85' lang='lat' dir='ltr'>operibus</span> <span class='ocrx_word' id='word_1_30' title='bbox 558 2341 663 2402; x_wconf 80' lang='lat' dir='ltr'><strong>maius</strong></span> <span class='ocrx_word' id='word_1_31' title='bbox 679 2337 868 2418; x_wconf 73' lang='lat' dir='ltr'><strong>inveniunt,</strong></span> <span class='ocrx_word' id='word_1_32' title='bbox 882 2353 969 2400; x_wconf 82' lang='lat' dir='ltr'><strong>novo</strong></span> <span class='ocrx_word' id='word_1_33' title='bbox 1080 2330 1096 2390; x_wconf 82' lang='grc'><strong>5</strong></span> 
     </span>
     <span class='ocr_line' id='line_1_10' title="bbox 152 2433 1075 2530; baseline -0.001 -20"><span class='ocrx_word' id='word_1_34' title='bbox 152 2447 187 2510; x_wconf 86' lang='lat' dir='ltr'><strong>Si</strong></span> <span class='ocrx_word' id='word_1_35' title='bbox 198 2447 352 2510; x_wconf 86' lang='lat' dir='ltr'><strong>marmori</strong></span> <span class='ocrx_word' id='word_1_36' title='bbox 367 2447 607 2530; x_wconf 80' lang='lat' dir='ltr'><strong>adscripserunt</strong></span> <span class='ocrx_word' id='word_1_37' title='bbox 622 2445 806 2510; x_wconf 75' lang='lat' dir='ltr'><strong>Praxitelen</strong></span> <span class='ocrx_word' id='word_1_38' title='bbox 820 2433 898 2525; x_wconf 73' lang='lat' dir='ltr'><strong>suo,</strong></span> <span class='ocrx_word' id='word_1_39' title='bbox 1071 2447 1075 2450; x_wconf 71' lang='grc'><strong>’</strong></span> 
     </span>
     <span class='ocr_line' id='line_1_11' title="bbox 153 2549 926 2634; baseline -0.003 -20"><span class='ocrx_word' id='word_1_40' title='bbox 153 2552 289 2614; x_wconf 86' lang='lat' dir='ltr'><strong>Detrito.</strong></span> <span class='ocrx_word' id='word_1_41' title='bbox 304 2550 441 2634; x_wconf 85' lang='lat' dir='ltr'><strong>Mirum,</strong></span> <span class='ocrx_word' id='word_1_42' title='bbox 457 2551 494 2614; x_wconf 91' lang='lat' dir='ltr'><strong>ni</strong></span> <span class='ocrx_word' id='word_1_43' title='bbox 503 2552 630 2626; x_wconf 76' lang='lat' dir='ltr'><strong>animos</strong></span> <span class='ocrx_word' id='word_1_44' title='bbox 642 2552 772 2614; x_wconf 89' lang='lat' dir='ltr'><strong>fabulae</strong></span> <span class='ocrx_word' id='word_1_45' title='bbox 786 2549 926 2612; x_wconf 83' lang='lat' dir='ltr'><strong>excitent</strong></span> 
     </span>
    </p>

    <p class='ocr_par' dir='ltr' id='par_1_8' title="bbox 154 2657 756 2722">
     <span class='ocr_line' id='line_1_12' title="bbox 154 2657 756 2722; baseline -0.003 -1"><span class='ocrx_word' id='word_1_46' title='bbox 154 2661 245 2721; x_wconf 82' lang='lat' dir='ltr'><strong>Adeo</strong></span> <span class='ocrx_word' id='word_1_47' title='bbox 259 2658 396 2722; x_wconf 85' lang='lat' dir='ltr'><strong>fucatae.</strong></span> <span class='ocrx_word' id='word_1_48' title='bbox 418 2660 494 2722; x_wconf 89' lang='lat' dir='ltr'><strong>Plus</strong></span> <span class='ocrx_word' id='word_1_49' title='bbox 504 2657 655 2722; x_wconf 83' lang='lat' dir='ltr'><strong>vetustati</strong></span> <span class='ocrx_word' id='word_1_50' title='bbox 668 2658 756 2720; x_wconf 89' lang='lat' dir='ltr'><strong>favet</strong></span> 
     </span>
    </p>

    <p class='ocr_par' dir='ltr' id='par_1_9' title="bbox 94 2746 929 2866">
     <span class='ocr_line' id='line_1_13' title="bbox 94 2746 929 2866; baseline 0.001 -42"><span class='ocrx_word' id='word_1_51' title='bbox 94 2827 99 2836; x_wconf 71' lang='grc'><em>,</em></span> <span class='ocrx_word' id='word_1_52' title='bbox 152 2761 284 2825; x_wconf 86' lang='lat' dir='ltr'><strong>Invidia</strong></span> <span class='ocrx_word' id='word_1_53' title='bbox 300 2766 450 2847; x_wconf 81' lang='lat' dir='ltr'><strong>mordax,</strong></span> <span class='ocrx_word' id='word_1_54' title='bbox 465 2746 565 2866; x_wconf 58' lang='lat' dir='ltr'><strong>qrigm</strong></span> <span class='ocrx_word' id='word_1_55' title='bbox 582 2763 677 2828; x_wconf 88' lang='lat' dir='ltr'><strong>bonis</strong></span> <span class='ocrx_word' id='word_1_56' title='bbox 695 2761 929 2847; x_wconf 82' lang='lat' dir='ltr'><strong>praesentibus·</strong></span> 
     </span>
    </p>
   </div>
   <div class='ocr_carea' id='block_1_5' title="bbox 153 2864 1222 2950">
    <p class='ocr_par' dir='ltr' id='par_1_10' title="bbox 153 2864 1222 2950">
     <span class='ocr_line' id='line_1_14' title="bbox 153 2864 1222 2950; baseline 0.001 -24"><span class='ocrx_word' id='word_1_57' title='bbox 153 2866 220 2927; x_wconf 85' lang='lat' dir='ltr'><strong>Sed</strong></span> <span class='ocrx_word' id='word_1_58' title='bbox 236 2864 303 2927; x_wconf 83' lang='lat' dir='ltr'><strong>iam</strong></span> <span class='ocrx_word' id='word_1_59' title='bbox 316 2867 358 2927; x_wconf 85' lang='lat' dir='ltr'><strong>ad</strong></span> <span class='ocrx_word' id='word_1_60' title='bbox 368 2866 521 2928; x_wconf 79' lang='lat' dir='ltr'><strong>fabellam</strong></span> <span class='ocrx_word' id='word_1_61' title='bbox 535 2867 608 2930; x_wconf 81' lang='lat' dir='ltr'><strong>talis</strong></span> <span class='ocrx_word' id='word_1_62' title='bbox 620 2869 761 2950; x_wconf 84' lang='lat' dir='ltr'><strong>exempli</strong></span> <span class='ocrx_word' id='word_1_63' title='bbox 775 2867 871 2930; x_wconf 82' lang='lat' dir='ltr'><strong>feror.</strong></span> <span class='ocrx_word' id='word_1_64' title='bbox 1062 2880 1099 2922; x_wconf 80' lang='lat'><strong>10</strong></span> <span class='ocrx_word' id='word_1_65' title='bbox 1220 2876 1222 2882; x_wconf 88' lang='grc'><strong>’</strong></span> 
     </span>
    </p>
   </div>
   <div class='ocr_carea' id='block_1_6' title="bbox 442 3051 820 3127">
    <p class='ocr_par' dir='ltr' id='par_1_11' title="bbox 442 3051 820 3127">
     <span class='ocr_line' id='line_1_15' title="bbox 442 3051 820 3127; baseline 0 -3"><span class='ocrx_word' id='word_1_66' title='bbox 442 3051 746 3127; x_wconf 82' lang='lat' dir='ltr'>FABULA</span> <span class='ocrx_word' id='word_1_67' title='bbox 794 3055 820 3125; x_wconf 86' lang='lat'><strong>1.</strong></span> 
     </span>
    </p>
   </div>
   <div class='ocr_carea' id='block_1_7' title="bbox 263 3225 1049 3298">
    <p class='ocr_par' dir='ltr' id='par_1_12' title="bbox 263 3225 1049 3298">
     <span class='ocr_line' id='line_1_16' title="bbox 263 3225 1049 3298; baseline -0.031 -6"><span class='ocrx_word' id='word_1_68' title='bbox 263 3287 272 3298; x_wconf 68' lang='grc'><strong>,,</strong></span> <span class='ocrx_word' id='word_1_69' title='bbox 295 3225 575 3286; x_wconf 73' lang='lat' dir='ltr'><strong>cammarus</strong></span> <span class='ocrx_word' id='word_1_70' title='bbox 602 3227 659 3278; x_wconf 73' lang='grc' dir='ltr'><strong>ΕΤ</strong></span> <span class='ocrx_word' id='word_1_71' title='bbox 684 3225 962 3298; x_wconf 66' lang='lat' dir='ltr'><strong>messanen.</strong></span> <span class='ocrx_word' id='word_1_72' title='bbox 1047 3263 1049 3268; x_wconf 86' lang='lat'><em>.</em></span> 
     </span>
    </p>
   </div>
   <div class='ocr_carea' id='block_1_8' title="bbox 156 3331 1104 3880">
    <p class='ocr_par' dir='ltr' id='par_1_13' title="bbox 156 3331 853 3468">
     <span class='ocr_line' id='line_1_17' title="bbox 156 3331 853 3468; baseline 0.011 -26"><span class='ocrx_word' id='word_1_73' title='bbox 156 3331 397 3467; x_wconf 80' lang='lat' dir='ltr'><strong>Daurrmus,</strong></span> <span class='ocrx_word' id='word_1_74' title='bbox 412 3382 470 3466; x_wconf 87' lang='lat' dir='ltr'><strong>qui</strong></span> <span class='ocrx_word' id='word_1_75' title='bbox 485 3383 590 3446; x_wconf 86' lang='lat' dir='ltr'><strong>dictus</strong></span> <span class='ocrx_word' id='word_1_76' title='bbox 602 3393 649 3447; x_wconf 87' lang='lat' dir='ltr'><strong>est</strong></span> <span class='ocrx_word' id='word_1_77' title='bbox 661 3386 853 3468; x_wconf 77' lang='lat' dir='ltr'><strong>Phalereus,</strong></span> 
     </span>
    </p>

    <p class='ocr_par' dir='ltr' id='par_1_14' title="bbox 158 3471 822 3569">
     <span class='ocr_line' id='line_1_18' title="bbox 158 3471 822 3569; baseline 0.009 -27"><span class='ocrx_word' id='word_1_78' title='bbox 158 3484 299 3546; x_wconf 81' lang='lat' dir='ltr'><strong>Athenas</strong></span> <span class='ocrx_word' id='word_1_79' title='bbox 316 3471 487 3566; x_wconf 58' lang='lat' dir='ltr'><strong>mercavit</strong></span> <span class='ocrx_word' id='word_1_80' title='bbox 502 3483 644 3568; x_wconf 87' lang='lat' dir='ltr'><strong>imperio</strong></span> <span class='ocrx_word' id='word_1_81' title='bbox 661 3483 822 3569; x_wconf 87' lang='lat' dir='ltr'><strong>improbo.</strong></span> 
     </span>
    </p>

    <p class='ocr_par' dir='ltr' id='par_1_15' title="bbox 159 3559 933 3778">
     <span class='ocr_line' id='line_1_19' title="bbox 159 3559 933 3676; baseline 0.005 -26"><span class='ocrx_word' id='word_1_82' title='bbox 159 3591 202 3651; x_wconf 87' lang='lat' dir='ltr'><strong>Ut</strong></span> <span class='ocrx_word' id='word_1_83' title='bbox 216 3611 285 3652; x_wconf 89' lang='lat' dir='ltr'><strong>mos</strong></span> <span class='ocrx_word' id='word_1_84' title='bbox 296 3603 343 3657; x_wconf 88' lang='lat' dir='ltr'><strong>est</strong></span> <span class='ocrx_word' id='word_1_85' title='bbox 356 3593 465 3676; x_wconf 84' lang='lat' dir='ltr'><strong>vulgi,</strong></span> <span class='ocrx_word' id='word_1_86' title='bbox 481 3594 600 3676; x_wconf 86' lang='lat' dir='ltr'><strong>passim</strong></span> <span class='ocrx_word' id='word_1_87' title='bbox 607 3559 642 3655; x_wconf 67' lang='lat' dir='ltr'><strong>iet</strong></span> <span class='ocrx_word' id='word_1_88' title='bbox 657 3594 803 3657; x_wconf 80' lang='lat' dir='ltr'><strong>certatim</strong></span> <span class='ocrx_word' id='word_1_89' title='bbox 817 3599 933 3672; x_wconf 86' lang='lat' dir='ltr'><strong>ruunt,</strong></span> 
     </span>
     <span class='ocr_line' id='line_1_20' title="bbox 162 3689 823 3778; baseline 0.006 -25"><span class='ocrx_word' id='word_1_90' title='bbox 162 3689 344 3758; x_wconf 84' lang='lat' dir='ltr'><strong>Feliciter!</strong></span> <span class='ocrx_word' id='word_1_91' title='bbox 357 3697 566 3758; x_wconf 83' lang='lat' dir='ltr'><strong>succlamant.</strong></span> <span class='ocrx_word' id='word_1_92' title='bbox 579 3695 646 3778; x_wconf 87' lang='lat' dir='ltr'><strong>lpsi</strong></span> <span class='ocrx_word' id='word_1_93' title='bbox 657 3694 823 3777; x_wconf 84' lang='lat' dir='ltr'><strong>principes</strong></span> 
     </span>
    </p>

    <p class='ocr_par' dir='ltr' id='par_1_16' title="bbox 156 3789 1104 3880">
     <span class='ocr_line' id='line_1_21' title="bbox 156 3789 1104 3880; baseline 0.001 -28"><span class='ocrx_word' id='word_1_94' title='bbox 156 3791 255 3854; x_wconf 84' lang='lat' dir='ltr'><strong>Illam</strong></span> <span class='ocrx_word' id='word_1_95' title='bbox 265 3797 468 3878; x_wconf 81' lang='lat' dir='ltr'><strong>osculantur,</strong></span> <span class='ocrx_word' id='word_1_96' title='bbox 483 3814 548 3875; x_wconf 82' lang='lat' dir='ltr'><strong>qua</strong></span> <span class='ocrx_word' id='word_1_97' title='bbox 559 3804 634 3859; x_wconf 85' lang='lat' dir='ltr'><strong>suut</strong></span> <span class='ocrx_word' id='word_1_98' title='bbox 646 3795 791 3880; x_wconf 84' lang='lat' dir='ltr'><strong>oppressi</strong></span> <span class='ocrx_word' id='word_1_99' title='bbox 801 3839 812 3876; x_wconf 86' lang='lat'><strong>,</strong></span> <span class='ocrx_word' id='word_1_100' title='bbox 830 3813 985 3876; x_wconf 82' lang='lat' dir='ltr'><strong>manum,</strong></span> <span class='ocrx_word' id='word_1_101' title='bbox 1087 3789 1104 3853; x_wconf 77' lang='lat' dir='ltr'><strong>i</strong></span> 
     </span>
    </p>
   </div>
   <div class='ocr_carea' id='block_1_9' title="bbox 0 0 1443 4792">
    <p class='ocr_par' dir='ltr' id='par_1_17' title="bbox 0 0 1443 4792">
     <span class='ocr_line' id='line_1_22' title="bbox 0 0 1443 4792; baseline 0 0"><span class='ocrx_word' id='word_1_102' title='bbox 0 0 1443 4792; x_wconf 95' lang='lat' dir='ltr'><strong> </strong></span> 
     </span>
    </p>
   </div>
  </div>
 </body>
</html>
