2848 4792
341 473 381 547 m
501 565 507 576 ⁶
632 467 982 532 Arrrrnrx

316 583 325 652 y·
340 618 463 676 Leones
474 613 602 676 scirent.
617 614 680 675 Sed
695 632 766 698 ego·
775 613 996 676 testimonium

338 721 433 784 Dabo
449 719 576 780 virtutis
591 717 718 779 certius.
725 721 784 782 Ad
795 722 1018 801 spectaculum
1097 747 1100 754 Α

338 825 663 902 Induxithominem3
679 837 862 890 monstrans
883 825 940 887 ubi
959 827 1047 888 bona
1061 823 1126 888 fide
1251 846 1299 890 ιο

338 934 508 1018 Enectosa
527 919 677 992 leonihirs
696 931 864 1009 homines,
876 928 937 1009 ait,

337 1033 410 1092 Non
422 1040 468 1093 est
484 1032 630 1092 colorum
646 1025 837 1092 testimoniis
853 1047 955 1109 opus,

337 1130 401 1198 Hic
414 1133 585 1196 exhibetur
598 1152 675 1194 vera
690 1131 792 1193 virtus
810 1130 946 1194 actibus.

377 1241 495 1302 Colore
507 1239 624 1302 frustra
641 1239 813 1299 mendaces
826 1236 874 1298 uti
886 1217 981 1299 docet
1040 1313 1049 1332 ι

337 1345 483 1427 Fabella,
498 1354 584 1407 certa
596 1366 671 1444 cum
686 1345 781 1405 datur
794 1342 955 1426 probatio.
996 1397 1003 1412 ,
1247 1344 1290 1407 16

553 1519 581 1589 F
605 1521 636 1589 A
661 1519 689 1588 B
714 1520 747 1590 U
771 1518 801 1588 L
825 1517 856 1588 A
906 1513 1073 1590 XXVI.

418 1675 1197 1748 c1cor1A‚Arrse1rerrcc1r1rrrc

335 1779 522 1888 Verissrr
538 1830 653 1883 notum
670 1822 713 1882 ad
729 1831 881 1905 stagnum
893 1841 974 1906 cum
992 1820 1142 1902 Ciconia,
1184 1851 1203 1866 .·

334 1930 536 2012 Mergentem
553 1924 678 1990 invenit
695 1946 729 1989 se
746 1925 933 2006 frequenter
947 1927 1104 1993 Anserem

265 2021 268 2030 ’
335 2033 401 2094 Sub
413 2031 525 2106 undis3
544 2031 685 2112 quaerit,
702 2051 760 2092 cur
772 2032 834 2093 hoc
844 2032 976 2093 faceret.
992 2032 1052 2094 ffle
1067 2031 1131 2114 ait,

333 2137 424 2196 Haec
441 2134 534 2197 nobis
549 2137 749 2198 consuetudo
766 2144 828 2216 est,
851 2135 931 2198 etin
947 2138 1017 2199 luto

334 2242 528 2324 Reperimus
541 2263 666 2323 escam,
684 2252 715 2305 et
730 2241 900 2325 Accipitris
918 2242 1016 2306 simul
1031 2244 1192 2330 impetum
1263 2248 1283 2310 ὅ

332 2343 502 2410 Venientis
515 2345 558 2406 ad
574 2366 634 2407 nos
651 2344 710 2408 tuti
728 2345 775 2408 sic
792 2345 972 2409 evadimus.

332 2449 411 2510 Sum
422 2451 526 2510 multo
541 2447 704 2530 Accipitre
719 2447 854 2529 fortior,
870 2448 1005 2512 ciconia

330 2555 457 2635 Inquit:
472 2553 651 2618 amicitiam
666 2555 694 2617 si
708 2555 757 2618 vis
774 2574 904 2632 mecum
916 2554 1069 2640 iungere,

330 2658 385 2722 Illi
398 2659 555 2722 insultare
570 2657 673 2720 victor
690 2657 821 2739 poteris.
836 2661 1000 2744 credulus?
1203 2731 1206 2736 ¹

285 2781 288 2792 ·
331 2766 371 2826 Et
384 2765 532 2846 protinus
547 2763 707 2826 auxilium
721 2774 834 2846 petens
845 2765 964 2846 Anser,
978 2763 1078 2828 simul
1241 2788 1279 2830 ιο

328 2867 370 2930 In
383 2888 498 2953 agrum
510 2867 636 2949 prodit:
656 2865 746 2930 illico
761 2867 949 2949 supervenit
1234 2847 1242 2875 ¹

309 2959 312 2966 ¹
330 2972 509 3055 Accipiter,
521 2985 552 3036 et
571 2993 799 3056 comprensum
814 2973 918 3036 saevis
933 2974 1100 3059 unguibus

330 3079 487 3162 Fugiente
503 3083 637 3144 devorat
648 3083 804 3144 Anserem
819 3079 960 3143 ciconii.
979 3093 981 3098 '

315 3177 392 3278 'Cui
409 3183 524 3243 Anser:
544 3184 611 3268 Qui
625 3196 763 3266 patrono
781 3205 815 3247 se
833 3194 899 3261 tam
918 3182 1019 3246 debili

284 3331 286 3338 .
331 3288 440 3350 Credit
449 3334 460 3371 ‚
476 3290 589 3372 peiore
605 3291 694 3356 finiri
710 3297 805 3357 dehet
822 3315 910 3358 nece.

434 3497 440 3508 ,
529 3465 832 3538 FABULA
881 3467 1069 3542 XXVII.

601 3627 1013 3688 0v1serc0rr1x.

330 3715 377 3829 ir
391 3773 482 3852 tergo
499 3769 621 3834 Cornix
638 3745 741 3836 oticsa
756 3757 925 3841 concideris
957 3859 959 3864 ι

291 3911 294 3918 ,
330 3870 425 3954 Ovis,
437 3874 592 3944 tundebat
607 3875 691 3941 illud
705 3889 821 3954 rostro,
841 3885 926 3945 Cum
940 3880 998 3946 diu
