2916 4790
509 743 1115 922 runuou1

362 1124 789 1274 utrumnum
819 1133 1265 1255 Assormruu

399 1323 1114 1516 ’,ΙΛΒΕΒρυᾼΒΤυε

696 1617 921 1636 m

595 1734 1022 1843 PROLOGUS

543 1916 609 1980 AD
642 1911 1075 1978 PARTICULONEM.
1129 1911 1133 1917 ’

339 2024 439 2136 Cum
452 2053 658 2139 destinassem
675 2072 851 2136 terminum
864 2071 956 2154 operi
975 2078 1133 2151 statuere,

283 2251 289 2274 Ι
337 2175 376 2235 In
393 2177 472 2257 hoc,
491 2187 526 2240 ut
539 2177 612 2240 aliis
629 2187 708 2241 esset
722 2175 877 2239 materiae
894 2174 984 2255 satis,

338 2279 518 2341 Consilium
534 2279 636 2356 tacito,
649 2283 746 2343 corde
764 2280 920 2343 damnavi
935 2301 1056 2362 meum.

338 2381 420 2444 Nam
437 2383 464 2445 si
477 2382 548 2463 quis
560 2385 633 2448 talis
646 2384 743 2447 etiam
757 2393 803 2467 est
815 2383 901 2446 tituli
909 2393 1083 2467 appetens,

338 2491 413 2573 Quo
429 2497 524 2574 pacto
538 2492 712 2575 divinabit,
731 2489 889 2576 quidnam
910 2493 1093 2574 omiserim,
1264 2488 1280 2550 6

338 2594 382 2653 Ut
395 2592 480 2654 illud
496 2594 603 2678 ipsum
617 2594 728 2678 cupiat
745 2595 851 2660 lamae
867 2599 1013 2659 tradere:

337 2694 401 2776 Sua
417 2693 533 2775 cuique
551 2717 625 2760 cum
641 2698 682 2760 sit
697 2695 799 2760 animi
813 2695 983 2784 cogitatio,

339 2801 501 2880 Colorque
512 2801 685 2883 proprius?
700 2803 785 2887 Ergo
798 2819 866 2862 non
883 2801 996 2864 levitas
1013 2799 1110 2882 mihi,

311 2950 317 2961 ,
337 2903 401 2965 Sed
419 2914 504 2966 certa
521 2903 604 2966 ratio
620 2922 750 2966 causam
763 2900 926 2966 scribendi
948 2903 1046 2966 dedit.
1061 2946 1074 2978 .

339 3011 462 3091 Quare,
476 3007 656 3091 Partieu10,
673 3006 829 3088 quoniam
843 3007 967 3090 caperis
984 3005 1120 3091 fabulis,
1245 3027 1310 3068 ιο·

339 3109 450 3192 (Quas
467 3111 641 3194 Aesopeas,
656 3129 723 3174 non
736 3110 872 3193 Aesopi,
886 3110 1038 3192 nomino,

339 3218 461 3278 Paucas
475 3217 615 3280 ostendit
629 3215 702 3298 ille,
720 3237 781 3302 ego
798 3219 908 3300 plures
923 3217 1066 3300 dissero,

339 3321 423 3380 Usus
435 3327 561 3382 vetusto
575 3341 711 3407 genere,
727 3325 784 3386 sed
802 3325 898 3386 rebus
914 3323 1045 3404 novisz)

340 3425 500 3506 Quartum
514 3422 663 3486 libellum
678 3447 766 3488 nunc
782 3426 897 3490 vacive'
913 3430 1069 3513 perleges·

331 3523 438 3586 “Huu'c
454 3527 634 3588 obtrectare
646 3526 672 3590 si
683 3530 770 3592 volet
779 3529 979 3616 malignitas,

339 3628 464 3692 Imitari
478 3631 556 3690 dum
571 3649 639 3692 non
657 3632 774 3714 possit,
792 3637 947 3698 obtrectet
964 3633 1050 3696 licet.

338 3733 425 3798 Mihi
436 3745 528 3816 parta
540 3737 610 3798 laus
623 3747 683 3818 est,
698 3743 787 3818 quod
799 3748 850 3822 tu,
865 3742 956 3821 quod
971 3738 1092 3803 similes
1104 3737 1169 3820 tui,

341 3841 470 3906 Vestras
480 3839 516 3902 iu
534 3842 660 3907 chartas
674 3845 774 3908 verba
789 3843 966 3908 transfertis
979 3861 1066 3924 mea,
