2916 4790
337 464 422 542 DE'
445 464 617 540 DION.
654 465 921 543 CATONE.
1020 483 1104 538 cvu

102 699 111 708 ,
150 587 456 711 chiismeraphrasin
473 627 621 693 Graecam
643 628 792 706 Planndis,
813 629 970 714 scaligeri,
993 631 1102 695 Zuberi

153 709 301 788 etMylii,
321 711 392 770 item
402 707 562 772 Dissertar.
582 708 763 786 Bonhpmii,
780 711 1029 794 etCannegieteri
1038 711 1103 774 Re-

153 789 265 869 scripta
288 790 463 852 Boxhotnio
482 790 519 851 de
533 789 666 864 Catone,
682 793 787 872 inqua
807 793 845 854 de
862 811 988 855 auctore
1007 793 1102 855 multa

154 869 342 932 disseruntur
368 887 472 932 contra
494 871 702 934 Boxhornium
720 889 751 935 et
771 872 866 947 alios,
890 873 1018 936 Catonis
1034 891 1105 936 ver·
1215 905 1218 912 ·

72 970 75 978 ¹
154 967 206 1012 sus
220 949 319 1032 plures
329 969 436 1024 contra
450 950 614 1014 Boxhornii
625 954 873 1034 reprehensiones
882 951 1102 1028 defenduntur,

155 1045 187 1090 et
200 1031 295 1092 multa
310 1032 368 1091 alia
379 1032 429 1092 vel
440 1034 635 1095 emendantur
648 1032 698 1096 vel
715 1033 906 1096 illustrantur.
922 1033 1027 1096 Voluit
1037 1035 1102 1117 ipse

154 1111 245 1172 edere
265 1113 339 1172 haec
352 1111 509 1186 Disticha3
530 1113 583 1174 sed
605 1133 675 1176 enm
693 1113 824 1176 lahorem
845 1129 915 1196 post
933 1112 1101 1178 Atntaenio

154 1191 260 1252 detulit
273 1211 342 1253 cnm
367 1191 450 1254 omni
468 1211 612 1276 apparatu
636 1194 779 1256 librorum
803 1215 936 1258 suorum.
958 1195 1102 1258 Secundis

154 1274 237 1332 euris
255 1273 373 1335 auctior
393 1289 425 1336 et
442 1272 626 1337 emendatior
638 1275 749 1370 prodiit
762 1277 917 1338 Arntzenii
935 1276 1028 1338 editio
1047 1275 1104 1338 sub

155 1351 215 1414 hoc
233 1352 342 1416 titulo:
363 1354 448 1414 Dion.
474 1357 582 1416 Catonis
604 1356 729 1416 Disticha
745 1360 775 1416 dt
796 1359 931 1426 moribus,
956 1377 1017 1417 cunt·
1033 1359 1103 1418 notis

155 1431 295 1500 cadomis.
316 1434 382 1494 Act.
398 1435 547 1496 Boreiornii
562 1436 725 1496 Dissertatio
742 1456 767 1496 et
783 1438 955 1519 Cannegiiteri
965 1437 1103 1517 Rescdpta

155 1508 310 1573 Boxltornio
327 1517 357 1575 dt
376 1516 470 1577 Catone
478 1561 490 1588 ,
516 1539 562 1576 nec
579 1539 632 1576 non
648 1515 690 1576 io.
709 1517 787 1577 Helai.
816 1517 945 1602 Witiqfiri
961 1519 1043 1579 Diss.
1061 1518 1101 1579 tl.

155 1599 185 1654 de
204 1595 367 1656 distichorum
390 1613 510 1670 auctore,
533 1615 557 1657 et
578 1619 639 1658 vera
659 1598 761 1658 illoram
779 1597 897 1662 hettone.
920 1597 1058 1658 Recenssit
1078 1615 1104 1658 et

155 1695 221 1734 suas
239 1677 419 1739 annotationes
433 1680 526 1740 adiecit
546 1680 610 1738 Otto
624 1678 791 1760 Arntpenius.
807 1679 998 1740 Amtttiodami
1016 1697 1103 1753 1754.

50 1793 53 1802 ,
155 1753 185 1820 8.
200 1757 279 1837 apud
292 1757 458 1819 Schonten,
476 1759 564 1820 Hand
584 1760 626 1820 ita
640 1760 736 1822 multo
755 1774 824 1840 post
839 1761 1038 1840 adspexerant
1054 1757 1105 1820 lo·

156 1854 221 1896 cem
241 1836 326 1898 Dion.
347 1839 453 1900 Catonis
474 1841 601 1900 Disticha
616 1843 646 1902 dc
669 1841 782 1902 moribus
800 1842 838 1900 ad
855 1842 963 1918 filiunt,
985 1853 1105 1920 praeter

156 1915 288 1978 sedulam
308 1918 451 1979 variantis
465 1919 603 1983 lectionis
624 1937 678 2001 per
700 1921 800 1980 omnia
818 1920 1037 1993 conlationem,
1056 1919 1104 1978 le-

155 1997 295 2058 ctissimis
313 1999 402 2060 etiam
418 1999 563 2064 adornata
579 1999 711 2062 floccidis
727 2001 867 2083 po'e'ticis,
886 2018 948 2061 una
961 2017 1030 2062 cnm
1042 2001 1106 2060 sin·

104 2137 109 2146 ,
132 2126 134 2130 .
156 2075 233 2156 gulis
250 2079 386 2160 adposita
399 2079 549 2156 distichis,
565 2080 705 2143 binorum
716 2100 840 2163 quoque
851 2097 1011 2154 versuum,
1026 2080 1105 2142 idio·

156 2174 271 2218 matum
299 2177 375 2221 vero
395 2160 601 2237 diversorum,
622 2162 868 2245 interpretatione
893 2160 1103 2244 quincuplice,

156 2236 272 2308 adiecta
289 2256 358 2300 sunt
379 2239 520 2302 lemmata
538 2241 724 2315 Catoniana,
746 2242 807 2304 suis
826 2260 962 2324 quaeque
984 2244 1105 2304 restitu-

157 2331 191 2376 ta
208 2317 349 2380 distichis,
372 2321 563 2382 Amsteiodami
572 2365 581 2392 ‚
602 2324 676 2402 apud
687 2323 781 2382 Fratre.
799 2325 943 2416 Hortttttpn
967 2341 1052 2403 1759.
1073 2320 1102 2382 8.

159 2418 177 2458 a
196 2397 269 2459 voli.
287 2417 417 2479 quorum
435 2401 532 2462 altero
550 2401 724 2462 continetur
742 2403 863 2460 Historia
876 2404 964 2462 critica
977 2401 1105 2464 Catonia-

157 2500 212 2550 na,
226 2495 279 2558 per
293 2478 477 2559 singulorum
489 2479 595 2541 seriem
611 2498 788 2541 consueram
807 2479 901 2543 Dion.
915 2479 1039 2542 Catonis
1052 2479 1107 2542 Di·

157 2558 321 2640 stichotptnp
338 2578 374 2622 ex
390 2559 495 2622 ordine
506 2559 643 2623 deducta
654 2559 714 2623 Cui
732 2562 934 2644 praemittitur
945 2561 1029 2620 Max.
1041 2558 1105 2622 Pla·

156 2637 243 2700 nudis
264 2640 459 2722 metaphrasis
475 2659 602 2722 graeca,
626 2660 696 2714 cunt
718 2642 866 2725 castigata
887 2641 946 2702 los.
966 2637 1105 2722 scaligeri
1215 2650 1219 2670 ⁸

157 2718 188 2779 in
204 2719 330 2780 eandem
359 2721 505 2802 erpetuis:
525 2723 660 2802 itemque
678 2722 754 2784 Des.
768 2722 880 2784 Erasmi
892 2721 1041 2784 concinna
1056 2739 1108 2782 ex·

201 2800 282 2862 sitio.
300 2740 445 2862 Atinexae
459 2818 529 2864 sunt
551 2803 658 2865 clariss.
682 2804 816 2866 virorum
838 2801 969 2874 Barthii,
989 2800 1105 2884 Opitii,

191 2881 301 2954 aumii,
323 2881 462 2954 Wachii,
484 2881 672 2957 Boxhornii,
695 2883 923 2966 Cannegieteti,
946 2880 1106 2956 Withofii,

157 2977 190 3020 et
203 2961 436 3024 Arntzeniorunt
453 2959 580 3026 fratrum
594 2965 869 3028 animadversiones
884 2962 1022 3026 selectae.
1041 2963 1106 3023 Ad·

158 3039 220 3104 dita
245 3040 282 3101 ad
310 3041 420 3104 calcem
438 3042 648 3106 Distichorum
669 3046 779 3126 cuique
804 3062 885 3107 nova
910 3041 1107 3124 paraphrasis.

156 3119 394 3198 Curatorhuius
405 3123 450 3184 ed.
467 3140 513 3184 est
527 3126 633 3202 Kaenig
648 3125 759 3186 siloem
782 3123 850 3204 feld.
861 3123 1034 3186 Novissima
1043 3123 1118 3207 edi„

157 3201 204 3262 tio
220 3204 322 3266 critica
342 3201 470 3266 debetur
488 3203 533 3266 Io.
554 3203 647 3266 Mich.
670 3207 750 3268 Bern
773 3203 860 3266 oldo:
889 3205 974 3264 Dion.
997 3205 1105 3265 chous

158 3282 341 3344 liuticiorum
360 3287 391 3343 de
407 3282 521 3345 moribus
535 3287 573 3346 ad
577 3285 667 3366 filium
686 3285 756 3344 Libri
776 3285 827 3346 JV.
844 3285 996 3356 thtnsuit‚
1015 3285 1105 3345 varias

157 3361 298 3436 lectiones,
319 3363 375 3424 altit
393 3367 519 3444 opusculo
532 3367 686 3448 indicensque
702 3365 794 3426 adiecit
813 3366 850 3426 Io.
864 3365 1103 3427 ostendamini.

159 3444 318 3516 Neosradii,
345 3447 416 3525 apud
439 3447 537 3506 Ritdel.
566 3445 648 3521 1784.
671 3445 699 3510 8.
725 3445 924 3509 Doctissimlls
950 3445 1051 3508 editor
1073 3445 1105 3508 in

158 3523 253 3605 praef.
270 3523 434 3604 pleniorem
451 3524 533 3588 dedit
550 3526 714 3588 editionum
731 3521 916 3608 catalogum,
929 3541 961 3587 et
979 3526 1105 3590 arbitra-

157 3621 226 3678 tur,
250 3621 404 3676 auctorem
424 3624 548 3688 propter
565 3627 672 3684 purum
691 3607 808 3670 dicendi
828 3625 920 3688 genus
936 3623 971 3668 ac
992 3621 1104 3668 tersum

158 3684 251 3746 fuisse
268 3683 456 3759 Romanum,
477 3703 509 3748 et
526 3685 647 3769 quidem
659 3688 728 3748 aevi
742 3687 889 3749 melioris:
906 3686 985 3748 idem
996 3701 1104 3748 tecen-

160 3780 207 3825 set
224 3764 322 3824 varias
335 3765 487 3828 variorum
502 3769 540 3826 de
557 3785 682 3844 auctore
695 3769 869 3850 opiniones,
888 3767 920 3827 ei
930 3781 1020 3828 acute
1032 3782 1105 3828 con·

158 3845 240 3920 iicit,
261 3843 363 3909 forsan
378 3846 491 3910 dictum
502 3847 650 3928 quendam
667 3847 933 3930 Dionysistnaurea
949 3847 1024 3908 haec
1038 3863 1105 3908 car·
1222 3889 1227 3902 .
