2848 4792
434 449 751 515 riurein
827 437 834 458 ‘
1008 473 1068 536 ιη

347 703 654 778 FABULA
700 706 837 780 vm

367 896 427 948 DE
453 895 575 954 Luto
602 895 658 947 ET
686 896 821 950 attur.

104 1017 380 1154 Anra'Lupum
392 1061 515 1126 cruciat
524 1045 580 1127 uia
590 1061 731 1148 gutturis
747 1081 817 1126 osse
832 1067 973 1126 retentos
1061 1121 1063 1128 ,
1089 1141 1092 1146 Δ

86 1253 89 1260 γ
152 1172 321 1235 Mendicat
332 1172 510 1254 medicam,
526 1174 630 1234 multa
645 1173 795 1256 daturus,
809 1192 917 1255 opem.

104 1279 204 1342 Grus
218 1279 377 1360 promissa
392 1276 490 1360 petit,
501 1278 543 1338 de
557 1275 706 1339 faucibus
721 1297 792 1341 osse
809 1278 960 1346 revulso:
1083 1343 1087 1354 ,

154 1387 220 1450 Cui
233 1389 359 1469 Lupus,
375 1389 424 1448 Eu
443 1385 529 1450 vivis
547 1405 683 1448 munere
701 1394 769 1479 tuta
785 1386 881 1450 meo?

105 1503 234 1566 Nonne
245 1511 338 1564 tuum
349 1501 443 1582 potui
460 1520 569 1564 morsu
587 1467 815 1584 praescinderi
831 1499 976 1564 collum?
1052 1499 1068 1557 5

99 1637 102 1643 ·
155 1607 246 1692 Ergo
262 1605 321 1667 tihi
336 1626 456 1670 munus
472 1605 514 1670 sit
533 1615 589 1668 tua
606 1602 673 1666 vita
690 1625 811 1667 meum.

108 1716 172 1780 Nil
183 1718 315 1798 prodest
323 1720 476 1797 prodesse
486 1714 598 1778 malis:
616 1734 707 1777 mens
718 1731 820 1796 prava
831 1713 994 1782 malorum

157 1825 339 1886 Immemor
354 1821 481 1916 accepti
492 1820 673 1900 nunptimet
691 1841 758 1886 esse
773 1821 863 1884 boni.
1032 1798 1043 1814 N

384 2017 807 2098 rasuram
898 1973 901 1980 ⁴

305 2207 367 2259 un
394 2196 587 2259 nunnus
615 2169 887 2261 camenus.

116 2338 201 2453 De
213 2374 307 2463 partu
323 2371 496 2459 querulam
511 2380 687 2440 verborum
701 2387 831 2440 nectare
844 2378 976 2459 plenam
1067 2447 1077 2468 ⁶

163 2495 227 2554 Pro
240 2495 329 2554 Cane
342 2499 431 2552 mota
448 2488 561 2570 Canis,
578 2488 712 2571 suscipit
733 2491 813 2552 aede
832 2507 957 2551 canem.

119 2607 212 2670 Haec
222 2602 307 2683 abit,
318 2601 376 2664 illa
387 2613 513 2663 manet:
532 2603 613 2664 haec
630 2601 778 2684 cursitat,
791 2601 850 2664 illa
864 2597 1020 2682 quiescit:

162 2711 249 2775 Huic
263 2713 394 2774 tandem
410 2730 430 2772 a
445 2719 540 2793 partu
555 2709 694 2774 solvitur
705 2711 776 2793 ipsa
791 2710 895 2791 quies.

114 2820 185 2883 illa
197 2815 296 2898 redit,
313 2817 472 2898 reddique
484 2816 547 2882 sibi
561 2803 621 2882 sua
633 2819 706 2882 iura
724 2832 894 2901 precatur:
971 2889 980 2906 N
1057 2821 1072 2880 5

165 2932 304 2992 Obserat
319 2932 401 2992 haec
419 2949 549 3009 aurem,
563 2947 623 2993 nec
636 2931 744 2995 minus
759 2953 838 2995 aure
852 2935 998 2996 domum.

120 3037 201 3103 Plus
210 3057 308 3118 prece
318 3055 412 3126 posse
426 3036 531 3102 minas
543 3048 650 3120 putat:
665 3041 748 3104 haec
763 3045 837 3124 plus
848 3043 937 3120 bella
948 3045 1075 3110 duobus

164 3146 275 3210 Nescit
289 3167 383 3230 posse
399 3148 523 3244 minas,
539 3150 614 3232 plus
625 3173 722 3232 prece
732 3154 820 3215 bella
833 3153 951 3220 minus.

127 3243 211 3320 Cum
223 3259 318 3320 dolor
329 3260 414 3322 haue
426 3271 545 3340 armet,
562 3264 637 3344 ptus
651 3273 789 3326 matrem
799 3264 886 3330 filius
898 3277 1019 3334 armate

168 3365 261 3428 Cedit
270 3369 339 3429 sola
351 3367 461 3454 gregi3
476 3367 625 3448 iustaque
637 3390 733 3440 causa
746 3374 841 3454 perit.
1039 3401 1077 3442 rc

129 3473 201 3534 Non
214 3471 290 3534 satis
301 3484 348 3535 est
360 3484 464 3538 tutum
480 3476 611 3540 mellitis
625 3481 757 3544 credere
770 3483 898 3548 verbis=

168 3579 217 3643 Ex
228 3583 294 3644 hoc
306 3584 403 3654 melle
415 3586 497 3649 solet
513 3587 610 3670 pestis
625 3608 737 3656 amara
749 3591 852 3672 sequi
