2848 4792
320 709 906 854 APPENDIX

160 947 588 1052 FABULARUM
619 947 1067 1064 AESOPIARUM
1126 1055 1129 1062 ,

488 1171 531 1257 Χ
545 1169 587 1256 Χ
603 1171 744 1259 XIV.

427 1516 802 1590 FABULAn

356 1685 874 1741 uttuussuonossus

136 1797 305 1912 Muros
319 1871 394 1912 enm
409 1869 534 1911 menses
550 1859 744 1933 aegrotasset
755 1851 893 1933 Miliius,

138 1958 209 2018 Nec
220 1955 286 2016 iam
299 1953 424 2017 videret
438 1975 508 2018 esse
522 1954 607 2016 vitae
618 1975 710 2036 spem
729 1977 822 2034 suae3

65 2065 72 2086 ‘
139 2061 281 2120 Matrem
299 2059 453 2144 rogabat,
470 2067 581 2120 sancta
594 2056 780 2121 circumiret
793 2062 886 2141 loca,

141 2163 182 2222 Et
193 2182 254 2242 pro
268 2165 370 2224 salute
382 2171 459 2224 vota
471 2161 588 2223 faceret
606 2162 759 2226 maxima.

141 2265 289 2341 Faciam,
301 2265 425 2345 inquit,
438 2261 501 2343 fili3
511 2267 582 2346 sed,
594 2285 689 2346 opem
701 2287 743 2328 ne
757 2286 823 2329 non
834 2265 1023 2348 impetrem,
1074 2270 1090 2330 ⁵

142 2375 363 2436 Vehementer
375 2388 506 2442 vereor:
522 2379 556 2430 tu
565 2415 575 2449 ‚
584 2371 641 2448 qui
657 2372 794 2434 delubra
806 2371 918 2434 omnia

142 2477 327 2554 Vastando,
343 2485 460 2537 cuncta
476 2474 625 2556 polluisti
637 2475 768 2556 altaria,

143 2577 318 2645 Sacrifictis
333 2578 433 2641 nullis
448 2597 600 2660 parcens,
615 2598 704 2640 nunc
718 2576 858 2657 quidvis
868 2579 1003 2664 rogem?

416 2749 821 2826 FABULAIL

290 2913 947 2976 unrouusv1ruursnasssn
999 2930 1002 2936 ·

143 3025 244 3164 Qut
259 3065 418 3129 sustinere
433 3085 501 3128 uon
512 3076 615 3147 potest
625 3088 722 3130 suurn
731 3070 876 3151 malum,-

141 3172 239 3244 Alios
249 3170 419 3253 inspiciat,
439 3179 472 3232 et
488 3170 590 3232 discen
608 3171 823 3233 tolerantiam

184 3276 372 3356 Aliquando
386 3274 422 3336 in
434 3274 525 3337 silvis
541 3275 678 3357 strepitu
690 3294 813 3360 magno·
827 3274 948 3338 conciti

146 3380 288 3459 Lepores
300 3379 455 3458 clamant,
471 3400 506 3442 se
519 3389 655 3462 propter
671 3379 816 3450 assiduos
833 3390 955 3444 metus·
1051 3411 1053 3414 ·

149 3483 256 3548 Finire
272 3485 356 3546 velle
369 3484 480 3547 vitam.
504 3483 556 3546 Sic
572 3486 740 3565 quendam
750 3485 791 3545 ad
807 3484 917 3546 lacum
1078 3483 1097 3542 5

148 3587 317 3648 Venerunt
323 3586 455 3664 ,miseri
472 3608 542 3666 quos
552 3607 586 3649 se
605 3587 798 3669 praecipites
810 3589 942 3648 darent
1030 3572 1032 3578 ¹

146 3693 299 3751 Adventu
319 3689 459 3768 quorum
475 3701 648 3770 postquam
664 3709 762 3752 ranae
782 3690 912 3750 territae
956 3769 959 3776 Ι
1006 3737 1009 3742 .

146 3794 279 3858 Virides
295 3796 331 3856 in
347 3797 436 3880 algas
451 3795 567 3856 misere
579 3797 740 3882 fugientes
757 3795 882 3856 ruunt:
