2910 4786
425 358 881 452 ΒΕΡΗΑΕΒΗΟ.1
994 403 1115 458 xxxur
1206 319 1210 330 ι

160 545 198 616 ni
213 543 258 614 ad
271 541 481 614 Phaedruma
494 534 567 614 Sed
585 544 677 615 hanc
694 544 903 636 opinionem
923 543 970 617 de
987 548 1116 623 fabulis

160 654 231 726 istis
252 675 327 724 non
358 651 411 722 illi
441 652 602 724 Phaedro
630 651 804 745 antiquo,
837 654 899 724 sed
927 653 1117 731 recentiori

159 763 266 838 alicui
287 761 509 854 tribuendis,
531 763 666 834 recoxit
687 781 770 836 ante
797 778 908 835 annos
926 767 1044 860 plures
1064 772 1115 842 Ie.
1149 755 1151 762 ⁴

161 875 251 949 Frid.
265 876 444 950 Christius.
466 873 592 966 rcripta
610 873 777 967 peculiari
794 873 1044 968 Disputatione
1057 905 1118 951 su·
1142 880 1148 895 '

160 1007 226 1082 per
243 993 355 1070 ‘eare3
377 981 413 1052 in
435 1005 507 1076 qua
523 983 652 1069 multa,
674 984 804 1076 partim
830 982 868 1053 in
889 985 1013 1076 rebus,
1038 1011 1117 1083 par·

161 1095 228 1166 tim
250 1095 288 1173 in
311 1093 427 1166 verbis
453 1115 473 1162 a
498 1116 534 1162 se
554 1105 691 1186 reperta
714 1093 824 1180 dicit,
854 1111 1002 1188 propter
1026 1122 1119 1190 quae

162 1204 260 1276 istius
289 1203 409 1276 aetatis
436 1225 507 1274 esse
535 1225 611 1273 non
635 1221 777 1296 possent
801 1202 866 1274 hae
895 1203 1051 1277 fabulae:
1079 1209 1119 1280 in

144 1402 146 1410 y
163 1317 298 1409 quibus
314 1315 341 1386 si
365 1314 521 1386 maxime
537 1314 713 1408 quaedam
733 1313 870 1387 habent
885 1315 1039 1409 speciem
1059 1315 1121 1388 ali·

144 1414 298 1520 ¹quam,
325 1425 527 1521 praesertim
549 1423 647 1519 apud
668 1423 892 1498 mediocriter
913 1445 1061 1497 versatos
1079 1425 1119 1499 in

163 1536 218 1606 his
244 1535 365 1622 rebus3
393 1551 513 1606 tamen
538 1557 578 1604 ea
603 1531 933 1606 momentum‘non
959 1533 1120 1626 faciunt,

160 1641 391 1736 redeuntque
409 1641 555 1714 tandem
579 1640 701 1714 omnia
723 1642 768 1712 ad
786 1658 938 1714 aetatem
957 1641 1119 1734 Codicis,
1181 1730 1187 1741 ῃ

165 1775 186 1824 e
209 1776 283 1846 quo
306 1753 475 1824 Pithoeus
499 1775 553 1823 eas
575 1749 711 1824 fabulas
734 1750 856 1823 edidit.
883 1751 977 1822 Eum
997 1771 1119 1824 autem

166 1863 336 1942 Pithoeus
347 1861 451 1934 valde
463 1861 653 1954 antiquum
672 1858 779 1945 dicit3
798 1861 852 1932 vir
871 1883 947 1931 non
961 1861 1057 1932 rudis
1069 1863 1120 1934 rei

165 1967 304 2039 criticae
317 1983 353 2037 et
366 1965 606 2058 antiquariae,
623 1963 711 2036 utin
727 1963 797 2035 hoc
808 1963 943 2034 indicio
955 1963 1027 2036 falli
1041 1990 1122 2060 pos·

164 2093 238 2165 set,
261 2076 465 2172 praesertim
482 2071 565 2146 c'urn
577 2075 713 2144 novitas
728 2073 808 2144 libri
822 2073 970 2144 deberet
982 2075 1020 2144 in
1034 2098 1121 2146 ocu·

167 2189 220 2255 los
237 2186 415 2256 incurrere
434 2183 599 2268 cuilibet,
628 2182 655 2251 ai
678 2180 814 2252 Perotti
837 2199 951 2254 aetate
973 2185 1123 2276 scriptus

170 2311 266 2364 esset.
279 2291 421 2386 Scripsit
433 2310 554 2362 contra
568 2291 704 2362 Christir'
717 2289 1003 2383 Disputationetn
1014 2293 1123 2366 Func-

169 2405 238 2474 cius
259 2399 518 2496 Marpurgensis
540 2399 730 2504 Apologiam
744 2421 811 2492 pro
823 2396 985 2469 Phaedro
1000 2419 1037 2470 et
1049 2402 1122 2472 eius
1243 2471 1246 2480 ,

168 2509 297 2597 fabulis
309 2507 404 2600 Lips.
422 2526 525 2598 1747.
540 2507 571 2576 8.
587 2505 654 2590 ita,
676 2523 717 2575 ut
729 2507 882 2575 dilueret
896 2507 955 2575 ille
969 2509 1124 2600 quidem

169 2621 310 2692 obiecta
332 2619 427 2688 libro
449 2639 524 2686 non
547 2637 677 2708 pauca,
700 2613 761 2685 sed
784 2611 985 2686 Phaedrum
1005 2616 1121 2708 ipsum

42 2813 49 2828 ,
167 2757 245 2806 non
261 2730 413 2801 omnino
429 2729 591 2804 liberaret
610 2751 630 2798 a
651 2727 823 2820 peccatis,
847 2731 939 2818 q‘uae
951 2725 997 2800 ab
1017 2727 1127 2802 initiia

107 2873 111 2880 ·
169 2841 318 2942 labentis
335 2854 414 2910 tum
436 2837 630 2935 elegantiae
648 2837 775 2906 latinae
789 2834 898 2906 ducit.
921 2833 963 2904 Ei
974 2859 1122 2930 respon·

172 2952 225 3046 dit
238 2949 365 3021 eodem
385 2971 481 3018 anno
504 2944 662 3020 Christius
676 2944 801 3016 libello
813 2943 981 3038 proprio,
997 2946 1065 3018 rub
1077 2949 1122 3019 ti·
1234 3000 1237 3004 »

172 3062 270 3133 tulo:
290 3057 344 3130 De
356 3058 513 3130 moribus,
530 3055 574 3151 ad
589 3052 747 3126 eruditor
763 3054 947 3147 quosdam.

173 3223 237 3296 Dr
250 3223 454 3294 Panorro
469 3240 501 3292 er
515 3219 710 3294 Faenus.
727 3221 866 3316 quiante
876 3217 1125 3290 Pitloeiedirio·
1214 3199 1216 3218 '

293 3334 497 3433 nemsabult't
512 3333 655 3411 Pltaedri
664 3333 815 3402 dicuntur
830 3327 1003 3428 usisuisse.

221 3493 356 3566 Lucem
381 3491 517 3566 debent
538 3487 687 3560 Phaedri
709 3486 820 3558 libelli
839 3486 915 3558 viro
934 3483 1075 3579 optimo
1089 3503 1141 3566 et·

173 3603 334 3674 iuvandis
356 3602 461 3672 literis
487 3621 572 3670 nato
588 3601 684 3695 Petro
703 3597 856 3672 Pithoeo,
881 3597 945 3686 qui
957 3596 1124 3688 primuse

174 3708 284 3800 [tetris
305 3711 424 3782 Franc.
438 3709 577 3782 Pithoei
599 3707 732 3780 Codice
753 3732 814 3776 ms.
831 3705 989 3800 vulgavit
1005 3709 1126 3802 Augu·

174 3802 563 3976 ttobolitdeTricassium
578 3843 678 3894 anno
695 3818 796 3912 1596.
816 3838 868 3887 12.
891 3815 1069 3888 landatur
1081 3837 1126 3884 eo

292 3923 409 3980 saum.
776 3922 832 3994 (a)
