2848 4792
469 445 785 527 FABULAE

29 638 33 650 ,
111 583 281 649 Solibus
294 591 422 669 ereptos
438 585 541 649 hiemi
552 587 700 651 Formica
717 590 844 652 labores
1004 669 1007 678 k
1046 631 1052 634 -
1083 593 1102 656 6
1139 649 1145 660 ,

165 687 338 773 Distulit,
360 703 392 754 et
408 693 563 755 brevibus
579 692 727 754 condidit
742 703 818 754 ante
838 691 934 756 cavis.

58 831 64 843 ·
116 791 280 857 Verum*
289 796 346 858 ubi
358 799 532 858 candentes
547 794 688 876 suscepit
707 805 792 858 terra
807 795 962 878 pruinas,

82 961 86 968 ,
171 901 343 980 Arvaque
354 902 416 963 suh
430 899 538 984 rigido
552 899 710 960 delituere
725 900 821 983 gelu3

109 1001 249 1087 ‘Pigra
265 1004 364 1066 nimis
382 1013 487 1066 tantos
500 1020 568 1063 nou
581 1021 724 1081 aequans
741 1021 878 1083 corpore
896 1000 1044 1088 nimbos,

114 1097 116 1104 ’
173 1111 224 1172 In
246 1109 389 1192 propriis
405 1107 542 1177 Laribus
558 1111 695 1172 humida
709 1101 813 1196 grana
824 1110 913 1198 legit.
964 1109 966 1114 ’
1062 1133 1100 1174 ro

125 1215 293 1276 Decolor
303 1217 390 1277 hanc
400 1213 552 1302 precihus
568 1213 706 1294 supplex
719 1213 874 1276 alimenta
885 1213 1040 1300 rogabat,

176 1321 286 1402 Quae
301 1321 467 1398 quondam
482 1319 621 1398 querulo
632 1328 764 1399 ruperat
775 1338 853 1380 arra
863 1339 963 1382 sono:

128 1423 178 1484 Se
199 1441 357 1502 quoque,
374 1431 518 1484 maturas
535 1441 611 1492 cum
623 1423 773 1484 tunderet
789 1438 865 1484 area
879 1441 1015 1506 messer,

177 1523 348 1586 Cantibus
360 1524 499 1588 aestivos
510 1521 703 1604 explicuisse
715 1524 795 1586 dies.

127 1631 289 1717 ¹Parvula
303 1640 380 1692 tuuc
394 1628 505 1692 ridens
521 1627 569 1690 sic
585 1636 632 1690 est
646 1622 932 1705 affataCicadam3
1067 1625 1103 1690 ri

172 1734 294 1819 (Nam
307 1731 409 1796 vitam
422 1731 546 1814 pariter
562 1732 756 1795 continuare
772 1735 878 1796 solent
890 1733 920 1815 ε)

126 1841 192 1902 'En
206 1837 369 1921 quoniam
380 1857 511 1900 summo
519 1837 697 1899 substantia
710 1849 804 1918 parta
815 1840 928 1900 labore
940 1847 1001 1922 est,

184 1927 382 2026 Frigoribus
394 1939 511 2003 mediis
529 1939 595 2000 otia
612 1941 712 2023 longa
730 1941 835 2002 traho.
943 1977 945 1986 ι

138 2051 188 2110 At
202 2046 264 2108 tibi
276 2045 416 2110 saltandi
428 2065 517 2108 nunc
530 2045 648 2106 ultima
660 2053 811 2124 tempora
824 2049 961 2127 restant,

187 2157 348 2221 Cantibus
367 2166 412 2221 est
423 2149 581 2245 quoniam
595 2153 664 2218 vita
678 2161 809 2235 peracta
824 2151 927 2236 prior.

351 2290 892 2419 ranucnuxxv.
992 2375 995 2380 -

415 2497 582 2587 tunm
606 2519 660 2572 rr
687 2521 813 2572 usrr.
888 2564 890 2568 ,

146 2645 193 2757 F
192 2710 264 2765 rus
276 2697 337 2770 est,
349 2690 438 2770 quod
446 2687 615 2772 geminum
624 2689 829 2772 profundens
838 2685 940 2752 Simia
949 2697 1080 2774 partum

177 2795 315 2859 uividit
326 2795 362 2856 in
374 2793 482 2856 varias
494 2793 635 2878 pignora
649 2793 728 2855 bina
742 2793 840 2856 vices.

145 2903 298 2978 Namque
308 2917 413 2958 unum
426 2914 501 2958 caro
511 2895 652 2980 genitrix
662 2893 771 2956 educit
780 2910 909 2973 amore,
985 2883 986 2892 ¹

189 3002 396 3084 Alteriusque
412 2999 496 3062 odiis
511 3009 694 3063 exsaturata
708 3007 823 3062 tumet.

147 3109 303 3193 Coeperit
315 3117 351 3170 ut
364 3109 486 3170 foetam
498 3103 630 3190 gravior
644 3113 764 3166 terrere
778 3102 955 3184 tumultur,
1081 3103 1102 3168 5
1207 3121 1209 3126 ·

190 3213 350 3278 Dissimili
367 3212 461 3274 iratos
475 3209 663 3273 conditione
678 3208 773 3290 rapit.

149 3318 312 3380 Dilectum
325 3315 476 3379 manibus
491 3316 545 3377 rel
559 3323 691 3396 pectore
704 3320 807 3400 gestat
817 3311 940 3394 amico,

191 3427 397 3486 contemtum
411 3423 508 3484 dorso
527 3419 722 3502 suscipiente
732 3422 828 3482 levat.

152 3527 214 3587 Sed
225 3545 300 3587 cum
313 3522 435 3584 lassatis
452 3530 593 3601 nequeat
611 3521 785 3585 consistere
798 3521 941 3604 plantis,

192 3624 389 3705 Oppositum
400 3619 527 3704 fugiens
542 3636 659 3704 sponte
674 3623 810 3688 remittit
826 3643 919 3686 onus.
1064 3643 1103 3684 ro

152 3724 243 3786 Alter
255 3733 288 3782 at
305 3723 431 3786 hirsuto
447 3725 652 3799 circumdans
665 3723 800 3787 brachia
813 3723 900 3811 collo
979 3729 981 3734 “

191 3831 329 3912 Haeret,
346 3837 379 3892 et
390 3828 494 3894 iuvita
511 3849 585 3893 curn
600 3827 758 3916 genitrice
770 3825 865 3912 fugit.
