2916 4790
344 423 363 482 4
532 405 763 467 rnnnoru
788 395 1122 472 utrumnum

331 505 389 580 ¹³⁴
357 555 504 634 ⁸²pulsus
516 553 573 616 ille
592 553 734 615 veritatis
744 552 887 632 viribus,

343 663 425 718 Ante
439 659 497 718 hos
509 677 563 719 sex
577 673 703 718 menses
718 654 818 735 male,
838 652 898 735 ait,
914 653 1025 718 dixisti
1038 658 1131 720 mihi.
1191 733 1195 738 Ι

343 758 523 839 Respondit
531 761 658 843 Agnus:
678 755 838 834 Equidem
853 764 948 818 natus
962 777 1141 822 noueram.

343 867 438 927 Pater
450 863 583 924 hercule
597 873 685 940 tuus,
705 859 825 939 inquit,
842 860 1011 949 maledixit
1026 863 1118 926 mihi.

344 966 504 1045 Atqueita
517 975 700 1046 correptum
721 965 858 1045 lacerat,
874 965 994 1028 iniusta
1007 989 1096 1064 nece.

385 1071 474 1132 Haec
484 1081 618 1152 propter
629 1069 703 1132 iilos
718 1069 836 1152 scripta
847 1081 893 1132 est
905 1071 1055 1137 homines
1064 1075 1192 1160 fabula,

345 1174 412 1258 Qui
423 1173 505 1242 fictis
519 1173 622 1237 causis
633 1173 824 1237 innocentes
835 1175 1035 1260 opprimunt.

608 1387 914 1460 FABULA
965 1393 1020 1464 11.

505 1565 660 1617 RANAE
689 1566 851 1620 REGEM
878 1569 1138 1630 PETENTES.

348 1659 533 1771 Aruerno
546 1726 620 1766 cum
632 1709 785 1772 florerent
802 1708 913 1790 aequis
932 1713 1076 1806 legibus,

347 1815 471 1872 Procax
483 1798 614 1871 litiertcs
628 1809 792 1874 civitatem
804 1814 947 1899 miscuit,

223 1971 232 1981 ,
347 1917 553 1994 Frenumque
565 1913 662 1976 solvit
678 1915 853 1996 pristinum
870 1863 1013 1988 liccirtia.
1091 1907 1097 1926 ³

347 2016 434 2078 Hinc
446 2015 635 2096 conspiratis
648 2017 828 2081 factionum
841 2022 1006 2106 partibus,

307 2141 312 2148 ’
348 2124 463 2183 Arcem
478 2132 636 2202 tyrannus
653 2133 789 2205 occupat
803 2124 1003 2214 lfisistratus„

349 2226 433 2284 Cum
448 2224 571 2286 tristem
584 2225 771 2304 servitutem
784 2225 899 2292 flerent
915 2233 1026 2320 Attici,

348 2329 422 2404 Non
440 2329 517 2408 quia
529 2329 668 2392 crudelis
682 2330 758 2414 iile,
775 2336 1000 2414 sedquoniam
1014 2361 1113 2428 greve

350 2433 458 2494 Omne
470 2433 604 2515 insuetis
621 2455 721 2518 onus,
736 2446 768 2498 et
779 2440 960 2522 coepissent
977 2449 1087 2525 queris

348 2529 493 2626 ⁴Aesopus
506 2543 605 2603 ulem
620 2551 689 2606 tum
704 2543 859 2606 fabellam
877 2549 1000 2613 retulit.

389 2627 518 2724 itanee,
532 2654 686 2728 vagantes
704 2644 815 2734 liberis
830 2650 1020 2736 paludibus,

350 2747 501 2808 Clamore
512 2767 632 2833 magno
646 2769 757 2836 regem
768 2753 891 2833 petiere
903 2775 922 2816 a
932 2759 1029 2843 Iove,

351 2848 417 2930 Qui
430 2849 601 2912 dissolutos
615 2872 722 2915 mores
737 2855 771 2915 vi
787 2873 1014 2940 compesceret.

350 2949 444 3010 Pater
461 2951 608 3012 Deorum
623 2951 710 3037 risit,
730 2967 826 3037 atque
838 2961 903 3028 illis
919 2967 1010 3029 dedit
1060 3017 1062 3021 -

350 3057 491 3117 Parvum
506 3055 664 3143 tigillum,
683 3061 817 3128 missum
835 3073 924 3149 quod
937 3057 1045 3138 subito
1059 3077 1137 3142 radi

292 3247 295 3253 .
350 3161 443 3220 Motu
458 3149 603 3244 sonoque
620 3166 732 3228 terruit
751 3171 908 3250 pavidum
926 3199 1038 3263 genus.

350 3265 475 3326 Mersae
485 3264 623 3330 laterent
639 3290 714 3331 cum
730 3271 811 3336 limo
829 3277 966 3361 diutius,

351 3363 446 3426 Forte
462 3386 527 3427 una
541 3369 635 3431 tacite
650 3375 774 3452 profert
790 3391 936 3468 estegno
954 3399 1067 3475 caput,
1145 3363 1148 3370 Ι

352 3467 390 3528 Et
395 3469 586 3548 explorato
598 3487 691 3555 rege
709 3486 840 3541 cunctos
855 3497 978 3548 evocat.

351 3569 447 3648 Illae,
467 3568 583 3633 timore
600 3573 722 3654 posito,
739 3580 884 3646 certatim
897 3587 1070 3672 adnatant,

177 3731 186 3756 Ι
350 3677 557 3772 Lignumque
568 3699 666 3762 supra
679 3685 773 3748 turbe
789 3691 939 3766 petulans
953 3637 1072 3758 insiliti

352 3783 452 3868 Quod
459 3804 533 3846 cum
543 3783 765 3866 inquinassent
778 3791 870 3854 omni
880 3798 1097 3882 contumelia,
