2916 4790
490 433 692 531 uri‘nn
732 469 809 534 111.

170 612 398 699 Interrogavit.
422 615 561 674 Causam
575 611 655 674 dixit
669 612 811 694 Iupiter:
830 588 833 600 Ι

170 726 341 786 Honorem
354 723 460 786 fructu
478 745 520 786 ne
536 723 708 792 videamur
725 727 879 787 vendere.

171 831 226 908 At,
244 849 296 892 me
310 829 479 910 Hercules,
496 828 657 907 narrabit,
674 831 762 910 quod
779 831 853 911 quis
867 832 1025 915 voluerit,

172 929 270 1012 Oliva
287 929 381 992 nobis
393 942 526 1013 propter
539 931 682 993 fructum
697 942 745 994 est
762 935 895 1019 gratior.

171 1037 266 1097 Tune
281 1035 326 1099 sic
337 1039 482 1099 Deorum
496 1036 624 1122 genitor
638 1019 735 1117 atque
752 1041 924 1104 hominum
936 1051 1040 1105 sator:
1084 1061 1120 1104 ro

172 1140 202 1200 Ο
218 1143 315 1220 Nata,
329 1141 445 1204 merito
456 1139 584 1222 sapiens
601 1140 709 1204 dicire
728 1141 901 1206 omnibus!
1014 1191 1019 1206 κ
1091 1195 1098 1212 .

171 1243 241 1306 Nisi
253 1245 334 1306 utile
353 1256 416 1326 est,
431 1247 521 1327 quod
536 1244 687 1326 facimus,
702 1248 797 1308 stulta
811 1257 857 1310 est
872 1247 990 1332 gloria.

211 1349 301 1412 Nihil
313 1371 424 1436 agere,
442 1351 531 1432 quod
543 1370 611 1413 non
624 1351 742 1434 prosit,
760 1353 879 1414 fabella
897 1355 1061 1415 admonet.

330 1513 919 1602 'ennunnxvun
1026 1483 1040 1516 ⁰

402 1649 911 1755 ravonnrunoram
984 1748 992 1766 ,
1074 1747 1080 1755 .

172 1791 281 1902 psvo
293 1837 336 1898 ad
350 1837 513 1898 iunonem
527 1832 632 1912 venit,
646 1831 783 1918 indigne
798 1833 921 1916 ferens,

171 1943 291 2002 Cantus
302 1937 437 2000 luscinii
452 1938 539 2017 quod
556 1936 620 1998 sibi
636 1955 702 1998 non
723 1939 889 2002 tribuerit:

171 2044 269 2104 Illum
282 2064 350 2106 esse
369 2041 492 2104 cunctis
508 2041 643 2104 auribus
661 2041 908 2118 admirabilem

171 2151 211 2212 Se
224 2149 380 2230 derideri,
401 2149 551 2212 simulac
570 2167 684 2210 vocem
699 2144 833 2208 miserit.

170 2255 264 2315 Tunc
281 2254 474 2318 consolandi
490 2252 597 2339 gratia
613 2251 695 2314 dixit
713 2255 801 2314 Dea:

170 2358 233 2418 Sed
245 2357 351 2418 forma
365 2356 484 2436 vincis,
501 2355 604 2418 vineis
620 2353 862 2440 magnitudino3

171 2457 266 2523 Nitor
280 2456 446 2542 zmaragdi
462 2457 548 2519 eollo
564 2455 747 2539 praefulget
762 2463 837 2531 tuo,

171 2559 333 2640 Pictisque
346 2560 468 2642 plumis
480 2578 665 2645 gemmeam
682 2560 819 2619 caudam
835 2552 987 2638 explicas.

170 2665 246 2746 Quo
257 2657 317 2744 mi,
330 2661 455 2743 inquit,
471 2671 598 2724 mutam
608 2659 748 2743 speciem
760 2705 769 2739 ,
780 2659 807 2722 si
818 2659 934 2722 vincor
943 2655 1046 2721 sono?

169 2769 323 2827 Fatorum
340 2763 477 2827 arbitrio
497 2773 606 2846 partes
624 2774 700 2825 sunt
714 2761 807 2825 vobis
822 2763 935 2834 datae:

169 2868 246 2932 Tibi
256 2869 377 2950 forma,
394 2868 480 2932 vires
497 2867 642 2950 aquilae,
661 2867 801 2930 luscinio
817 2866 942 2944 melos,

170 2975 354 3060 Augurium
370 2995 487 3058 corvo,
504 2978 596 3039 laeva
613 2973 738 3036 cornici
753 2973 886 3052 omina,

170 3082 294 3143 Omnes
309 3101 394 3160 quae
405 3079 549 3163 propriis
564 3087 640 3140 sunt
654 3085 824 3140 contentae
839 3073 980 3137 dotibus.

213 3180 288 3242 Noli
304 3175 471 3262 affectare,
485 3184 574 3262 quod
588 3179 650 3244 tibi
666 3199 734 3242 non
750 3189 798 3243 est
814 3182 943 3262 datum,
1067 3257 1070 3260 Ι

171 3283 291 3346 Delusa·
303 3303 346 3346 ne
360 3302 433 3367 spes
450 3287 494 3347 ad
511 3286 679 3365 querelam
692 3284 828 3348 recidat·
859 3296 863 3303 “
1056 3329 1058 3336 .
1082 3281 1117 3342 15

406 3457 435 3527 F
459 3454 491 3528 A
515 3457 543 3528 Β
567 3457 599 3530 U
624 3457 711 3530 LA
758 3455 881 3532 XIX.

339 3615 554 3672 nnsorus
582 3622 643 3704 An
669 3571 954 3676 dirrutum.

173 3707 346 3821 'Arsuras
363 3753 498 3818 domino
515 3756 603 3818 solus
616 3777 690 3818 cum
707 3767 787 3818 esset
797 3755 941 3836 familia,

171 3859 289 3921 Parare
304 3877 440 3919 coenam
451 3857 556 3922 iussus
573 3869 621 3922 est
638 3859 809 3922 maturius«
