2848 4792
367 427 405 486 lla
667 419 1012 482 APPENDIX

404 572 526 646 Avare,
541 577 571 650 te
585 566 704 656 ljtbclla
718 568 816 642 haee,
835 574 866 626 et
881 566 1045 646 locuples,
1064 574 1194 646 monet,
1300 589 1347 630 ro

278 729 281 734 ,
365 675 447 760 Qui,
460 673 609 754 quamvis
622 681 782 754 superest,
798 672 845 733 nil
859 683 968 733 tamen
980 674 1037 734 das
1049 673 1196 754 pauperi.

569 813 873 918 rienes
921 815 1161 916 xxnr'

424 995 429 1014 ¹
470 1007 651 1074 eorus,
674 983 865 1056 rssron
891 1005 948 1054 ΕΤ
974 1004 1218 1058 veneror.

329 1161 333 1171 '
366 1115 466 1225 Con
480 1159 674 1220 venatorem
685 1145 811 1237 sugeret
822 1151 994 1213 instantem
1009 1151 1137 1234 Lupus,

364 1265 433 1324 Eta
447 1265 576 1322 Pastore
591 1257 694 1336 visus,
709 1277 774 1336 qua
788 1265 879 1336 parte
893 1255 1034 1340 fugeret,

364 1366 404 1425 Et
415 1383 481 1443 quo
494 1385 527 1425 se
541 1362 694 1424 conderet
708 1361 799 1439 loco,
815 1359 931 1440 plenus
947 1368 1038 1420 metu
1133 1439 1135 1444 ,

365 1470 488 1530 Omnes
502 1487 574 1548 per,
591 1485 649 1527 oro
664 1473 708 1544 te,
723 1465 882 1546 Bubplce,
897 1482 970 1543 spes
988 1472 1073 1546 tuas,

364 1577 412 1636 Ne
423 1552 542 1654 proilas
554 1570 779 1660 innocentem,
798 1565 851 1628 cui
862 1565 944 1627 nihil
957 1566 1037 1626 mali

362 1671 488 1733 Fecisse
501 1689 569 1749 me,
582 1689 640 1750 per
655 1686 792 1750 magnos
810 1665 924 1728 adiuro
944 1667 1039 1727 Deos.

364 1774 440 1837 Noli
454 1773 586 1854 timere,
606 1775 717 1833 Pastor
737 1770 862 1852 inquit,
883 1759 1018 1831 alteram

363 1881 552 1944 Monstrabo
564 1887 700 1959 partem.
719 1879 798 1936 Mox
816 1879 958 1938 Venator
970 1875 1117 1958 advolat,
1156 1935 1158 1944 χ

261 1977 264 1987 ’
350 1988 515 2047 ·Non·huc
528 1983 654 2064 venire,
674 1985 801 2062 Pastor,
818 1981 928 2044 vidisti
938 1983 1091 2063 Lupum?

359 2094 438 2175 Qua
450 2102 542 2171 parte
556 2082 660 2175 fu'git?
673 2089 733 2150 Cui
745 2092 871 2168 Pastor,
886 2089 983 2160 Venit
994 2089 1145 2173 quidem,
1277 2112 1316 2154 ro

364 2200 428 2260 Sed
440 2199 533 2260 laeva
545 2197 648 2282 fugit,
661 2218 742 2258 voce
756 2197 839 2260 dixit
851 2197 1013 2272 maxima3
1249 2187 1254 2192 ¹

365 2308 407 2368 At
420 2302 522 2365 oculis
536 2306 618 2366 clam
639 2302 784 2388 designat
798 2315 923 2384 partem
939 2304 1113 2364 dexteram.

365 2412 439 2472 Non
451 2408 611 2470 intellexit
624 2408 694 2488 ille,
711 2417 741 2469 et
755 2407 907 2470 festinaris
923 2407 1000 2470 abit.

329 2515 332 2524 “
364 2515 459 2594 Lupo
471 2524 547 2574 lunc
557 2515 684 2574 Pastor:
704 2515 792 2595 Quas
808 2511 943 2575 habebis
960 2509 1096 2597 gratias,

366 2619 464 2700 Quod
479 2629 510 2678 te
521 2618 676 2690 celarim?
696 2617 856 2678 Maximae
869 2616 1104 2700 linguaetuae,
1277 2613 1314 2675 15
1414 2597 1415 2648 3

365 2722 490 2801 Lupus,
505 2740 583 2802 ag0,
596 2719 693 2794 dixit3
707 2730 739 2779 at
753 2720 857 2780 oculis
872 2697 1042 2781 fallacibus
1414 2697 1415 2704 ἵ

344 2861 347 2868 ·
366 2820 524 2880 Aeternae
537 2819 721 2879 eaecitatem
739 2817 842 2879 noctis
856 2818 1028 2899 imprecor.

407 2919 473 3004 Qui
487 2921 592 3008 verbis
605 2924 761 3002 blandus,
777 2922 924 2983 fraudem
941 2925 1023 2984 celat
1036 2928 1185 3004 pectore,

367 3027 439 3088 noc
453 3038 647 3110 argumento
665 3047 699 3088 se
717 3025 857 3087 describi
872 3005 1042 3111 interligat.

587 3190 613 3257 F
636 3191 665 3259 A
695 3189 720 3257 ll
746 3190 776 3259 U
801 3189 830 3258 L
858 3187 890 3258 A
939 3190 1104 3263 XXIV.

424 3345 595 3397 nonmss
617 3323 1061 3430 nuc,rs1.1,sx',vsnax
1079 3351 1128 3402 ar
1149 3351 1256 3404 srmn.

370 3453 541 3564 Aennrrs
555 3501 694 3559 Mendax
708 3509 739 3560 et
755 3499 853 3564 simul
868 3505 974 3566 Verax
985 3502 1062 3586 iter,
1131 3535 1139 3550 ι

368 3606 407 3664 In
423 3598 690 3664 Sirniorum'forte
704 3614 821 3665 terram
839 3617 1003 3668 venerant.
1062 3665 1064 3676 ,

369 3713 395 3770 Ε
412 3711 557 3771 turba'ul
574 3709 655 3770 vidit
666 3732 768 3791 unus,
783 3713 841 3791 qui
854 3734 887 3774 se
897 3715 1016 3774 fecerat

369 3819 508 3899 Regem,
527 3817 639 3926 teneri⁸
646 3817 738 3881 iussit
751 3819 838 3899 illos,
853 3817 948 3882 sciret
961 3828 1013 3901 ut,
