<?xml version="1.0" encoding="UTF-8"?>
<!DOCTYPE html PUBLIC "-//W3C//DTD XHTML 1.0 Transitional//EN"
    "http://www.w3.org/TR/xhtml1/DTD/xhtml1-transitional.dtd">
<html xmlns="http://www.w3.org/1999/xhtml" xml:lang="en" lang="en">
 <head>
  <title>
</title>
<meta http-equiv="Content-Type" content="text/html;charset=utf-8" />
  <meta name='ocr-system' content='tesseract 3.04.00' />
  <meta name='ocr-capabilities' content='ocr_page ocr_carea ocr_par ocr_line ocrx_word'/>
</head>
<body>
  <div class='ocr_page' id='page_1' title='image "./phaedriaugustil05phaegoog_0037.png"; bbox 0 0 2910 4786; ppageno 0'>
   <div class='ocr_carea' id='block_1_1' title="bbox 331 500 1243 650">
    <p class='ocr_par' dir='ltr' id='par_1_1' title="bbox 331 500 1243 650">
     <span class='ocr_line' id='line_1_1' title="bbox 331 500 1243 650; baseline -0.01 -33"><span class='ocrx_word' id='word_1_1' title='bbox 331 564 440 618; x_wconf 80' lang='lat' dir='ltr'>xxx..</span> <span class='ocrx_word' id='word_1_2' title='bbox 504 500 1142 650; x_wconf 72' lang='lat' dir='ltr'>uorrrratrruttarua..</span> <span class='ocrx_word' id='word_1_3' title='bbox 1239 601 1243 608; x_wconf 87' lang='lat'><em>.</em></span> 
     </span>
    </p>
   </div>
   <div class='ocr_carea' id='block_1_2' title="bbox 301 700 1287 1012">
    <p class='ocr_par' dir='ltr' id='par_1_2' title="bbox 301 700 1287 1012">
     <span class='ocr_line' id='line_1_2' title="bbox 334 700 1286 796; baseline -0.006 -20"><span class='ocrx_word' id='word_1_4' title='bbox 334 727 490 796; x_wconf 85' lang='lat' dir='ltr'>quorum</span> <span class='ocrx_word' id='word_1_5' title='bbox 503 718 659 795; x_wconf 14' lang='lat' dir='ltr'>&#39;quatuor</span> <span class='ocrx_word' id='word_1_6' title='bbox 670 703 810 794; x_wconf 23' lang='lat' dir='ltr'>&#39;priores</span> <span class='ocrx_word' id='word_1_7' title='bbox 833 700 1018 794; x_wconf 80' lang='lat' dir='ltr'>Eutycho,</span> <span class='ocrx_word' id='word_1_8' title='bbox 1033 717 1043 752; x_wconf 87' lang='lat'><em>¹</em></span> <span class='ocrx_word' id='word_1_9' title='bbox 1067 719 1286 796; x_wconf 86' lang='lat' dir='ltr'>postremum</span> 
     </span>
     <span class='ocr_line' id='line_1_3' title="bbox 333 811 1287 908; baseline -0.006 -22"><span class='ocrx_word' id='word_1_10' title='bbox 333 815 472 886; x_wconf 88' lang='lat' dir='ltr'>Phileto</span> <span class='ocrx_word' id='word_1_11' title='bbox 494 813 580 883; x_wconf 82' lang='lat' dir='ltr'>Ureo</span> <span class='ocrx_word' id='word_1_12' title='bbox 600 813 810 887; x_wconf 85' lang='lat' dir='ltr'>Particuloni</span> <span class='ocrx_word' id='word_1_13' title='bbox 826 811 1016 905; x_wconf 68' lang='lat' dir='ltr'>inscripsit,</span> <span class='ocrx_word' id='word_1_14' title='bbox 1041 837 1117 883; x_wconf 85' lang='lat' dir='ltr'>nort</span> <span class='ocrx_word' id='word_1_15' title='bbox 1134 835 1222 908; x_wconf 77' lang='lat' dir='ltr'>vane</span> <span class='ocrx_word' id='word_1_16' title='bbox 1237 811 1287 880; x_wconf 91' lang='lat' dir='ltr'>illi</span> 
     </span>
     <span class='ocr_line' id='line_1_4' title="bbox 301 917 1286 1012; baseline -0.007 -20"><span class='ocrx_word' id='word_1_17' title='bbox 301 1005 302 1012; x_wconf 6' lang='grc' dir='ltr'>ἵ</span> <span class='ocrx_word' id='word_1_18' title='bbox 332 917 672 1008; x_wconf 82' lang='lat' dir='ltr'>ominarrrs‚.chartis</span> <span class='ocrx_word' id='word_1_19' title='bbox 697 942 831 990; x_wconf 86' lang='lat' dir='ltr'>nomen</span> <span class='ocrx_word' id='word_1_20' title='bbox 854 921 1031 991; x_wconf 88' lang='lat' dir='ltr'>victurum</span> <span class='ocrx_word' id='word_1_21' title='bbox 1054 921 1142 1006; x_wconf 81' lang='lat' dir='ltr'>suis,</span> <span class='ocrx_word' id='word_1_22' title='bbox 1171 917 1286 989; x_wconf 79' lang='lat' dir='ltr'>latinis</span> 
     </span>
    </p>
   </div>
   <div class='ocr_carea' id='block_1_3' title="bbox 208 1029 1286 1134">
    <p class='ocr_par' dir='ltr' id='par_1_3' title="bbox 208 1029 1286 1134">
     <span class='ocr_line' id='line_1_5' title="bbox 208 1029 1286 1134; baseline -0.002 -36"><span class='ocrx_word' id='word_1_23' title='bbox 208 1037 212 1050; x_wconf 86' lang='lat'>’</span> <span class='ocrx_word' id='word_1_24' title='bbox 333 1031 421 1102; x_wconf 91' lang='lat' dir='ltr'>dum</span> <span class='ocrx_word' id='word_1_25' title='bbox 449 1046 588 1101; x_wconf 87' lang='lat' dir='ltr'>maneat</span> <span class='ocrx_word' id='word_1_26' title='bbox 613 1029 768 1123; x_wconf 90' lang='lat' dir='ltr'>pretium</span> <span class='ocrx_word' id='word_1_27' title='bbox 793 1029 908 1102; x_wconf 82' lang='lat' dir='ltr'>literis.</span> <span class='ocrx_word' id='word_1_28' title='bbox 942 1029 1173 1134; x_wconf 77' lang='lat' dir='ltr'><strong>Quamquam</strong></span> <span class='ocrx_word' id='word_1_29' title='bbox 1197 1029 1286 1098; x_wconf 87' lang='lat' dir='ltr'>inter</span> 
     </span>
    </p>
   </div>
   <div class='ocr_carea' id='block_1_4' title="bbox 241 1142 1288 3302">
    <p class='ocr_par' dir='ltr' id='par_1_4' title="bbox 241 1142 1288 3302">
     <span class='ocr_line' id='line_1_6' title="bbox 332 1142 1283 1234; baseline -0.004 -20"><span class='ocrx_word' id='word_1_30' title='bbox 332 1164 464 1216; x_wconf 76' lang='lat' dir='ltr'>veteres</span> <span class='ocrx_word' id='word_1_31' title='bbox 483 1142 543 1213; x_wconf 83' lang='lat' dir='ltr'>vix</span> <span class='ocrx_word' id='word_1_32' title='bbox 569 1144 759 1234; x_wconf 88' lang='lat' dir='ltr'>quisquam</span> <span class='ocrx_word' id='word_1_33' title='bbox 780 1158 1039 1214; x_wconf 83' lang='lat' dir='ltr'>commemorat</span> <span class='ocrx_word' id='word_1_34' title='bbox 1060 1142 1283 1226; x_wconf 87' lang='lat' dir='ltr'>Phaedrum,</span> 
     </span>
     <span class='ocr_line' id='line_1_7' title="bbox 331 1249 1285 1349; baseline -0.006 -26"><span class='ocrx_word' id='word_1_35' title='bbox 331 1269 469 1349; x_wconf 85' lang='lat' dir='ltr'>praeter</span> <span class='ocrx_word' id='word_1_36' title='bbox 499 1251 696 1322; x_wconf 81' lang='lat' dir='ltr'>Martialem</span> <span class='ocrx_word' id='word_1_37' title='bbox 724 1250 783 1322; x_wconf 87' lang='lat'>111.</span> <span class='ocrx_word' id='word_1_38' title='bbox 806 1270 918 1322; x_wconf 78' lang='lat' dir='ltr'>coer</span> <span class='ocrx_word' id='word_1_39' title='bbox 941 1252 1118 1324; x_wconf 86' lang='lat' dir='ltr'>Avianum</span> <span class='ocrx_word' id='word_1_40' title='bbox 1141 1249 1285 1320; x_wconf 76' lang='lat' dir='ltr'>Praefert.</span> 
     </span>
     <span class='ocr_line' id='line_1_8' title="bbox 331 1359 1286 1454; baseline -0.006 -20"><span class='ocrx_word' id='word_1_41' title='bbox 331 1363 378 1434; x_wconf 85' lang='lat' dir='ltr'>ad</span> <span class='ocrx_word' id='word_1_42' title='bbox 398 1385 473 1434; x_wconf 77' lang='lat' dir='ltr'>suae</span> <span class='ocrx_word' id='word_1_43' title='bbox 491 1361 633 1434; x_wconf 79' lang='lat' dir='ltr'>fabulae.</span> <span class='ocrx_word' id='word_1_44' title='bbox 660 1361 827 1432; x_wconf 75' lang='lat' dir='ltr'><em>Phaedrus</em></span> <span class='ocrx_word' id='word_1_45' title='bbox 847 1360 958 1449; x_wconf 62' lang='lat' dir='ltr'>duae,</span> <span class='ocrx_word' id='word_1_46' title='bbox 982 1385 1027 1433; x_wconf 85' lang='lat' dir='ltr'>an</span> <span class='ocrx_word' id='word_1_47' title='bbox 1045 1359 1146 1454; x_wconf 91' lang='lat' dir='ltr'>quod</span> <span class='ocrx_word' id='word_1_48' title='bbox 1162 1359 1286 1430; x_wconf 89' lang='lat' dir='ltr'>Gudio</span> 
     </span>
     <span class='ocr_line' id='line_1_9' title="bbox 332 1468 1283 1569; baseline -0.006 -27"><span class='ocrx_word' id='word_1_49' title='bbox 332 1471 439 1569; x_wconf 82' lang='lat' dir='ltr'>magis</span> <span class='ocrx_word' id='word_1_50' title='bbox 454 1471 591 1565; x_wconf 86' lang='lat' dir='ltr'>placet&#39;,</span> <span class='ocrx_word' id='word_1_51' title='bbox 618 1469 786 1554; x_wconf 75' lang='lat' dir='ltr'>Phaeder.</span> <span class='ocrx_word' id='word_1_52' title='bbox 809 1469 945 1542; x_wconf 87' lang='lat' dir='ltr'>ciccum</span> <span class='ocrx_word' id='word_1_53' title='bbox 973 1493 1047 1541; x_wconf 88' lang='lat' dir='ltr'>non</span> <span class='ocrx_word' id='word_1_54' title='bbox 1071 1468 1283 1542; x_wconf 88' lang='lat' dir='ltr'>interduim:</span> 
     </span>
     <span class='ocr_line' id='line_1_10' title="bbox 333 1577 1287 1682; baseline -0.006 -31"><span class='ocrx_word' id='word_1_55' title='bbox 333 1607 414 1652; x_wconf 76' lang='lat' dir='ltr'>ersus</span> <span class='ocrx_word' id='word_1_56' title='bbox 429 1597 548 1650; x_wconf 85' lang='lat' dir='ltr'>tamen</span> <span class='ocrx_word' id='word_1_57' title='bbox 561 1597 597 1649; x_wconf 91' lang='lat' dir='ltr'>et</span> <span class='ocrx_word' id='word_1_58' title='bbox 609 1580 748 1672; x_wconf 85' lang='lat' dir='ltr'>aurium</span> <span class='ocrx_word' id='word_1_59' title='bbox 764 1604 881 1654; x_wconf 75' lang='lat' dir='ltr'>sensus</span> <span class='ocrx_word' id='word_1_60' title='bbox 893 1582 1001 1682; x_wconf 73' lang='lat' dir='ltr'>magis</span> <span class='ocrx_word' id='word_1_61' title='bbox 1016 1577 1107 1664; x_wconf 83' lang='lat' dir='ltr'>fert,</span> <span class='ocrx_word' id='word_1_62' title='bbox 1126 1595 1166 1649; x_wconf 88' lang='lat' dir='ltr'>ut</span> <span class='ocrx_word' id='word_1_63' title='bbox 1179 1577 1287 1646; x_wconf 82' lang='lat' dir='ltr'>Plae-</span> 
     </span>
     <span class='ocr_line' id='line_1_11' title="bbox 333 1681 1286 1780; baseline -0.003 -21"><span class='ocrx_word' id='word_1_64' title='bbox 333 1690 410 1760; x_wconf 83' lang='lat' dir='ltr'><em>drus</em></span> <span class='ocrx_word' id='word_1_65' title='bbox 441 1688 585 1766; x_wconf 81' lang='lat' dir='ltr'>dicatur.</span> <span class='ocrx_word' id='word_1_66' title='bbox 613 1688 742 1780; x_wconf 86' lang='lat' dir='ltr'><strong>Neque</strong></span> <span class='ocrx_word' id='word_1_67' title='bbox 769 1689 807 1759; x_wconf 92' lang='lat' dir='ltr'>id</span> <span class='ocrx_word' id='word_1_68' title='bbox 832 1707 1010 1764; x_wconf 81' lang='lat' dir='ltr'>verterum</span> <span class='ocrx_word' id='word_1_69' title='bbox 1036 1681 1286 1761; x_wconf 65' lang='lat' dir='ltr'>consuetudini</span> 
     </span>
     <span class='ocr_line' id='line_1_12' title="bbox 332 1793 1285 1884; baseline 0 -18"><span class='ocrx_word' id='word_1_70' title='bbox 332 1795 533 1884; x_wconf 77' lang='lat' dir='ltr'>adversum,</span> <span class='ocrx_word' id='word_1_71' title='bbox 565 1797 657 1868; x_wconf 81' lang='lat' dir='ltr'>sicut</span> <span class='ocrx_word' id='word_1_72' title='bbox 681 1816 718 1868; x_wconf 90' lang='lat' dir='ltr'>et</span> <span class='ocrx_word' id='word_1_73' title='bbox 752 1797 895 1870; x_wconf 84' lang='lat' dir='ltr'>Teucrus</span> <span class='ocrx_word' id='word_1_74' title='bbox 919 1799 1091 1873; x_wconf 82' lang='lat' dir='ltr'>Euandrus</span> <span class='ocrx_word' id='word_1_75' title='bbox 1112 1793 1285 1866; x_wconf 76' lang='lat' dir='ltr'>dicitura</span> 
     </span>
     <span class='ocr_line' id='line_1_13' title="bbox 331 1899 1285 1997; baseline -0.003 -25"><span class='ocrx_word' id='word_1_76' title='bbox 331 1903 529 1988; x_wconf 80' lang='lat' dir='ltr'>veteribus,</span> <span class='ocrx_word' id='word_1_77' title='bbox 543 1903 743 1976; x_wconf 81' lang='lat' dir='ltr'>Periandrus</span> <span class='ocrx_word' id='word_1_78' title='bbox 756 1905 854 1997; x_wconf 88' lang='lat' dir='ltr'>apud</span> <span class='ocrx_word' id='word_1_79' title='bbox 868 1903 1083 1977; x_wconf 82' lang='lat' dir='ltr'>Scholiasten</span> <span class='ocrx_word' id='word_1_80' title='bbox 1103 1899 1285 1972; x_wconf 83' lang='lat' dir='ltr'>Germani·</span> 
     </span>
     <span class='ocr_line' id='line_1_14' title="bbox 330 2008 1283 2106; baseline 0.002 -26"><span class='ocrx_word' id='word_1_81' title='bbox 330 2009 363 2080; x_wconf 91' lang='lat' dir='ltr'>ci</span> <span class='ocrx_word' id='word_1_82' title='bbox 378 2031 454 2106; x_wconf 81' lang='lat' dir='ltr'>pag.</span> <span class='ocrx_word' id='word_1_83' title='bbox 473 2031 550 2100; x_wconf 76' lang='lat'>114.</span> <span class='ocrx_word' id='word_1_84' title='bbox 571 2027 606 2082; x_wconf 90' lang='lat' dir='ltr'>et</span> <span class='ocrx_word' id='word_1_85' title='bbox 621 2011 718 2104; x_wconf 89' lang='lat' dir='ltr'>apud</span> <span class='ocrx_word' id='word_1_86' title='bbox 742 2013 965 2105; x_wconf 85' lang='lat' dir='ltr'>Propertium</span> <span class='ocrx_word' id='word_1_87' title='bbox 987 2012 1075 2082; x_wconf 83' lang='lat' dir='ltr'>docte</span> <span class='ocrx_word' id='word_1_88' title='bbox 1089 2008 1283 2082; x_wconf 82' lang='lat' dir='ltr'><em>Menandre.</em></span> 
     </span>
     <span class='ocr_line' id='line_1_15' title="bbox 333 2117 1284 2216; baseline -0.004 -26"><span class='ocrx_word' id='word_1_89' title='bbox 333 2139 370 2190; x_wconf 88' lang='lat' dir='ltr'>et</span> <span class='ocrx_word' id='word_1_90' title='bbox 389 2122 595 2192; x_wconf 73' lang='lat' dir='ltr'>Menandrus&#39;</span> <span class='ocrx_word' id='word_1_91' title='bbox 606 2121 703 2216; x_wconf 86' lang='lat' dir='ltr'>apud</span> <span class='ocrx_word' id='word_1_92' title='bbox 728 2122 949 2194; x_wconf 82' lang='lat' dir='ltr'>Philaetrium</span> <span class='ocrx_word' id='word_1_93' title='bbox 971 2145 1052 2215; x_wconf 59' lang='lat' dir='ltr'>cap.¹</span> <span class='ocrx_word' id='word_1_94' title='bbox 1065 2143 1121 2211; x_wconf 84' lang='lat'>30.</span> <span class='ocrx_word' id='word_1_95' title='bbox 1138 2144 1183 2189; x_wconf 87' lang='lat' dir='ltr'>ue</span> <span class='ocrx_word' id='word_1_96' title='bbox 1201 2117 1284 2188; x_wconf 82' lang='lat' dir='ltr'>all&#39;e-</span> 
     </span>
     <span class='ocr_line' id='line_1_16' title="bbox 283 2227 1288 2327; baseline -0.008 -24"><span class='ocrx_word' id='word_1_97' title='bbox 283 2263 286 2268; x_wconf 95' lang='lat'>·</span> <span class='ocrx_word' id='word_1_98' title='bbox 320 2257 405 2302; x_wconf 72' lang='lat' dir='ltr'>ram</span> <span class='ocrx_word' id='word_1_99' title='bbox 440 2230 528 2318; x_wconf 80' lang='lat' dir='ltr'>alie,</span> <span class='ocrx_word' id='word_1_100' title='bbox 559 2249 678 2302; x_wconf 82' lang='lat' dir='ltr'>notata</span> <span class='ocrx_word' id='word_1_101' title='bbox 705 2232 819 2303; x_wconf 83' lang='lat' dir='ltr'>lsaaco</span> <span class='ocrx_word' id='word_1_102' title='bbox 848 2233 1049 2327; x_wconf 83' lang='lat' dir='ltr'>Verburgio</span> <span class='ocrx_word' id='word_1_103' title='bbox 1080 2227 1125 2300; x_wconf 91' lang='lat' dir='ltr'>ad</span> <span class='ocrx_word' id='word_1_104' title='bbox 1158 2227 1288 2298; x_wconf 86' lang='lat' dir='ltr'>Ovidii</span> 
     </span>
     <span class='ocr_line' id='line_1_17' title="bbox 331 2329 1282 2437; baseline -0.004 -29"><span class='ocrx_word' id='word_1_105' title='bbox 331 2339 435 2410; x_wconf 83' lang='lat' dir='ltr'>Trist.</span> <span class='ocrx_word' id='word_1_106' title='bbox 452 2340 493 2410; x_wconf 90' lang='lat' dir='ltr'>ll.</span> <span class='ocrx_word' id='word_1_107' title='bbox 509 2341 589 2432; x_wconf 78' lang='lat'>369.</span> <span class='ocrx_word' id='word_1_108' title='bbox 600 2329 636 2410; x_wconf 77' lang='lat' dir='ltr'>ir.</span> <span class='ocrx_word' id='word_1_109' title='bbox 657 2359 692 2412; x_wconf 91' lang='lat' dir='ltr'>et</span> <span class='ocrx_word' id='word_1_110' title='bbox 713 2342 938 2435; x_wconf 84' lang='lat' dir='ltr'>Dausquium</span> <span class='ocrx_word' id='word_1_111' title='bbox 956 2343 1123 2437; x_wconf 84' lang='lat' dir='ltr'>Orthogr.</span> <span class='ocrx_word' id='word_1_112' title='bbox 1137 2338 1244 2434; x_wconf 86' lang='lat' dir='ltr'>Tom.</span> <span class='ocrx_word' id='word_1_113' title='bbox 1258 2337 1282 2405; x_wconf 94' lang='lat' dir='ltr'>l.</span> 
     </span>
     <span class='ocr_line' id='line_1_18' title="bbox 330 2443 1282 2548; baseline -0.005 -31"><span class='ocrx_word' id='word_1_114' title='bbox 330 2473 409 2544; x_wconf 84' lang='lat' dir='ltr'>pag.</span> <span class='ocrx_word' id='word_1_115' title='bbox 426 2470 455 2520; x_wconf 80' lang='lat' dir='ltr'>o.</span> <span class='ocrx_word' id='word_1_116' title='bbox 475 2449 636 2522; x_wconf 87' lang='lat' dir='ltr'>Munker.</span> <span class='ocrx_word' id='word_1_117' title='bbox 651 2449 738 2522; x_wconf 78' lang='lat' dir='ltr'>Dies.</span> <span class='ocrx_word' id='word_1_118' title='bbox 756 2451 801 2522; x_wconf 90' lang='lat' dir='ltr'>de</span> <span class='ocrx_word' id='word_1_119' title='bbox 820 2451 964 2547; x_wconf 85' lang='lat' dir='ltr'>Hygino</span> <span class='ocrx_word' id='word_1_120' title='bbox 979 2477 1054 2548; x_wconf 84' lang='lat' dir='ltr'>pag.</span> <span class='ocrx_word' id='word_1_121' title='bbox 1069 2471 1108 2542; x_wconf 86' lang='lat'>31</span> <span class='ocrx_word' id='word_1_122' title='bbox 1132 2463 1196 2524; x_wconf 74' lang='lat' dir='ltr'>etc·</span> <span class='ocrx_word' id='word_1_123' title='bbox 1227 2443 1282 2516; x_wconf 90' lang='lat' dir='ltr'>De</span> 
     </span>
     <span class='ocr_line' id='line_1_19' title="bbox 331 2551 1281 2644; baseline -0.003 -19"><span class='ocrx_word' id='word_1_124' title='bbox 331 2551 403 2626; x_wconf 83' lang='lat' dir='ltr'>aliie</span> <span class='ocrx_word' id='word_1_125' title='bbox 428 2554 609 2644; x_wconf 82' lang='lat' dir='ltr'>Phaedris,</span> <span class='ocrx_word' id='word_1_126' title='bbox 631 2577 667 2629; x_wconf 89' lang='lat' dir='ltr'>et</span> <span class='ocrx_word' id='word_1_127' title='bbox 691 2561 751 2629; x_wconf 92' lang='lat' dir='ltr'>illo</span> <span class='ocrx_word' id='word_1_128' title='bbox 775 2560 951 2640; x_wconf 75' lang='lat' dir='ltr'>Platonis,</span> <span class='ocrx_word' id='word_1_129' title='bbox 978 2577 1013 2625; x_wconf 92' lang='lat' dir='ltr'>et</span> <span class='ocrx_word' id='word_1_130' title='bbox 1034 2559 1145 2631; x_wconf 80' lang='lat' dir='ltr'>altero</span> <span class='ocrx_word' id='word_1_131' title='bbox 1169 2552 1281 2623; x_wconf 87' lang='lat' dir='ltr'>Athe·</span> 
     </span>
     <span class='ocr_line' id='line_1_20' title="bbox 332 2663 1281 2754; baseline -0.003 -20"><span class='ocrx_word' id='word_1_132' title='bbox 332 2665 442 2734; x_wconf 80' lang='lat' dir='ltr'>triensi</span> <span class='ocrx_word' id='word_1_133' title='bbox 456 2665 654 2754; x_wconf 87' lang='lat' dir='ltr'>Epicureo,</span> <span class='ocrx_word' id='word_1_134' title='bbox 678 2665 751 2736; x_wconf 86' lang='lat' dir='ltr'>dixi</span> <span class='ocrx_word' id='word_1_135' title='bbox 766 2665 843 2736; x_wconf 87' lang='lat' dir='ltr'>Lib.</span> <span class='ocrx_word' id='word_1_136' title='bbox 857 2665 914 2734; x_wconf 88' lang='lat' dir='ltr'>lli.</span> <span class='ocrx_word' id='word_1_137' title='bbox 932 2663 1019 2733; x_wconf 91' lang='lat' dir='ltr'>Bibl.</span> <span class='ocrx_word' id='word_1_138' title='bbox 1039 2663 1189 2732; x_wconf 82' lang='lat' dir='ltr'>Graecae</span> <span class='ocrx_word' id='word_1_139' title='bbox 1207 2685 1281 2753; x_wconf 85' lang='lat' dir='ltr'>cap.</span> 
     </span>
     <span class='ocr_line' id='line_1_21' title="bbox 335 2757 1280 2870; baseline 0.004 -28"><span class='ocrx_word' id='word_1_140' title='bbox 335 2795 364 2842; x_wconf 90' lang='lat' dir='ltr'>r.</span> <span class='ocrx_word' id='word_1_141' title='bbox 385 2775 416 2865; x_wconf 83' lang='lat'>§.</span> <span class='ocrx_word' id='word_1_142' title='bbox 434 2794 486 2843; x_wconf 81' lang='lat' dir='ltr'>ro.</span> <span class='ocrx_word' id='word_1_143' title='bbox 500 2791 534 2841; x_wconf 91' lang='lat' dir='ltr'>et</span> <span class='ocrx_word' id='word_1_144' title='bbox 547 2757 692 2865; x_wconf 51' lang='lat' dir='ltr'>capsg&#39;g.</span> <span class='ocrx_word' id='word_1_145' title='bbox 706 2799 782 2870; x_wconf 86' lang='lat' dir='ltr'>pag.</span> <span class='ocrx_word' id='word_1_146' title='bbox 797 2775 877 2861; x_wconf 85' lang='lat'>814.</span> <span class='ocrx_word' id='word_1_147' title='bbox 901 2773 957 2844; x_wconf 87' lang='lat' dir='ltr'>De</span> <span class='ocrx_word' id='word_1_148' title='bbox 977 2773 1097 2843; x_wconf 72' lang='lat' dir='ltr'>Thomu</span> <span class='ocrx_word' id='word_1_149' title='bbox 1114 2773 1280 2846; x_wconf 75' lang='lat' dir='ltr'>Phaedro.</span> 
     </span>
     <span class='ocr_line' id='line_1_22' title="bbox 330 2878 1282 2971; baseline -0.004 -21"><span class='ocrx_word' id='word_1_150' title='bbox 330 2878 523 2951; x_wconf 73' lang='lat' dir='ltr'>recentiore</span> <span class='ocrx_word' id='word_1_151' title='bbox 544 2881 733 2971; x_wconf 85' lang='lat' dir='ltr'>scriptore,</span> <span class='ocrx_word' id='word_1_152' title='bbox 757 2879 891 2952; x_wconf 85' lang='lat' dir='ltr'>Baelius</span> <span class='ocrx_word' id='word_1_153' title='bbox 908 2881 946 2949; x_wconf 92' lang='lat' dir='ltr'>in</span> <span class='ocrx_word' id='word_1_154' title='bbox 965 2879 1105 2950; x_wconf 86' lang='lat' dir='ltr'>Lexico.</span> <span class='ocrx_word' id='word_1_155' title='bbox 1126 2879 1282 2950; x_wconf 75' lang='lat' dir='ltr'>Thracem</span> 
     </span>
     <span class='ocr_line' id='line_1_23' title="bbox 330 2983 1284 3086; baseline -0.003 -28"><span class='ocrx_word' id='word_1_156' title='bbox 330 2986 433 3058; x_wconf 82' lang='lat' dir='ltr'>fuisse</span> <span class='ocrx_word' id='word_1_157' title='bbox 457 2986 676 3086; x_wconf 76' lang='lat' dir='ltr'>Phaedrum,</span> <span class='ocrx_word' id='word_1_158' title='bbox 701 2983 803 3084; x_wconf 69' lang='lat' dir='ltr'>negat</span> <span class='ocrx_word' id='word_1_159' title='bbox 826 2988 1016 3076; x_wconf 78' lang='lat' dir='ltr'>Deniseus‚</span> <span class='ocrx_word' id='word_1_160' title='bbox 1032 3002 1047 3038; x_wconf 87' lang='lat'>²</span> <span class='ocrx_word' id='word_1_161' title='bbox 1066 2991 1126 3080; x_wconf 89' lang='lat' dir='ltr'>qui</span> <span class='ocrx_word' id='word_1_162' title='bbox 1144 2987 1284 3058; x_wconf 78' lang='lat' dir='ltr'>Gallicis</span> 
     </span>
     <span class='ocr_line' id='line_1_24' title="bbox 333 3095 1281 3198; baseline -0.001 -32"><span class='ocrx_word' id='word_1_163' title='bbox 333 3095 486 3166; x_wconf 79' lang='lat' dir='ltr'>versibus</span> <span class='ocrx_word' id='word_1_164' title='bbox 501 3096 573 3168; x_wconf 87' lang='lat' dir='ltr'>eius</span> <span class='ocrx_word' id='word_1_165' title='bbox 586 3095 718 3168; x_wconf 88' lang='lat' dir='ltr'>fabulas</span> <span class='ocrx_word' id='word_1_166' title='bbox 733 3098 903 3170; x_wconf 84' lang='lat' dir='ltr'>reddidit:</span> <span class='ocrx_word' id='word_1_167' title='bbox 924 3100 984 3170; x_wconf 80' lang='lat' dir='ltr'>sed</span> <span class='ocrx_word' id='word_1_168' title='bbox 999 3122 1100 3198; x_wconf 85' lang='lat' dir='ltr'>negat</span> <span class='ocrx_word' id='word_1_169' title='bbox 1114 3098 1187 3167; x_wconf 85' lang='lat' dir='ltr'>siue</span> <span class='ocrx_word' id='word_1_170' title='bbox 1201 3119 1281 3166; x_wconf 87' lang='lat' dir='ltr'>cau·</span> 
     </span>
     <span class='ocr_line' id='line_1_25' title="bbox 241 3205 1282 3302; baseline -0.003 -25"><span class='ocrx_word' id='word_1_171' title='bbox 241 3210 242 3221; x_wconf 75' lang='grc'>’</span> <span class='ocrx_word' id='word_1_172' title='bbox 331 3229 376 3277; x_wconf 80' lang='lat' dir='ltr'>sa.</span> <span class='ocrx_word' id='word_1_173' title='bbox 391 3205 482 3276; x_wconf 89' lang='lat' dir='ltr'>Nam</span> <span class='ocrx_word' id='word_1_174' title='bbox 497 3205 674 3302; x_wconf 69' lang='lat' dir='ltr'>Phaedrus</span> <span class='ocrx_word' id='word_1_175' title='bbox 699 3208 771 3300; x_wconf 80' lang='lat' dir='ltr'>ipse</span> <span class='ocrx_word' id='word_1_176' title='bbox 785 3209 911 3280; x_wconf 81' lang='lat' dir='ltr'>diserte</span> <span class='ocrx_word' id='word_1_177' title='bbox 925 3209 1042 3280; x_wconf 87' lang='lat' dir='ltr'>scribit</span> <span class='ocrx_word' id='word_1_178' title='bbox 1062 3213 1098 3280; x_wconf 90' lang='lat' dir='ltr'>in</span> <span class='ocrx_word' id='word_1_179' title='bbox 1119 3208 1234 3277; x_wconf 90' lang='lat' dir='ltr'>Pierio</span> <span class='ocrx_word' id='word_1_180' title='bbox 1246 3229 1282 3274; x_wconf 90' lang='lat' dir='ltr'>se</span> 
     </span>
    </p>
   </div>
   <div class='ocr_carea' id='block_1_5' title="bbox 330 3339 1290 3444">
    <p class='ocr_par' dir='ltr' id='par_1_5' title="bbox 330 3339 1290 3444">
     <span class='ocr_line' id='line_1_26' title="bbox 330 3339 1290 3444; baseline -0.004 -22"><span class='ocrx_word' id='word_1_181' title='bbox 330 3366 734 3436; x_wconf 76' lang='lat' dir='ltr'>corumduutmtprivttorum.</span> <span class='ocrx_word' id='word_1_182' title='bbox 744 3371 788 3424; x_wconf 81' lang='lat' dir='ltr'>vel</span> <span class='ocrx_word' id='word_1_183' title='bbox 825 3383 914 3443; x_wconf 75' lang='lat' dir='ltr'>atque,</span> <span class='ocrx_word' id='word_1_184' title='bbox 930 3384 960 3426; x_wconf 83' lang='lat' dir='ltr'>ut</span> <span class='ocrx_word' id='word_1_185' title='bbox 973 3371 1028 3444; x_wconf 81' lang='lat' dir='ltr'>ipre</span> <span class='ocrx_word' id='word_1_186' title='bbox 1042 3369 1169 3443; x_wconf 69' lang='lat' dir='ltr'>loquitor,</span> <span class='ocrx_word' id='word_1_187' title='bbox 1185 3339 1290 3420; x_wconf 27' lang='lat' dir='ltr'>corrue*</span> 
     </span>
    </p>
   </div>
   <div class='ocr_carea' id='block_1_6' title="bbox 226 3447 933 3511">
    <p class='ocr_par' dir='ltr' id='par_1_6' title="bbox 226 3447 933 3511">
     <span class='ocr_line' id='line_1_27' title="bbox 226 3447 933 3511; baseline 0.014 -12"><span class='ocrx_word' id='word_1_188' title='bbox 226 3497 230 3508; x_wconf 80' lang='grc'><em>,</em></span> <span class='ocrx_word' id='word_1_189' title='bbox 331 3461 402 3500; x_wconf 79' lang='lat' dir='ltr'>certe</span> <span class='ocrx_word' id='word_1_190' title='bbox 417 3447 517 3500; x_wconf 84' lang='lat' dir='ltr'>illorum</span> <span class='ocrx_word' id='word_1_191' title='bbox 530 3449 636 3511; x_wconf 80' lang='lat' dir='ltr'>Seneca,</span> <span class='ocrx_word' id='word_1_192' title='bbox 651 3465 708 3500; x_wconf 87' lang='lat' dir='ltr'>cum</span> <span class='ocrx_word' id='word_1_193' title='bbox 723 3450 787 3502; x_wconf 79' lang='lat' dir='ltr'>acri·</span> <span class='ocrx_word' id='word_1_194' title='bbox 826 3453 933 3509; x_wconf 69' lang='lat' dir='ltr'>ciendis.</span> 
     </span>
    </p>
   </div>
   <div class='ocr_carea' id='block_1_7' title="bbox 270 3525 1285 3999">
    <p class='ocr_par' dir='ltr' id='par_1_7' title="bbox 302 3525 1285 3841">
     <span class='ocr_line' id='line_1_28' title="bbox 302 3525 1285 3606; baseline 0 -28"><span class='ocrx_word' id='word_1_195' title='bbox 302 3549 308 3560; x_wconf 92' lang='lat'>·</span> <span class='ocrx_word' id='word_1_196' title='bbox 330 3525 611 3588; x_wconf 65' lang='lat' dir='ltr'>beretmaurlmeminir.</span> <span class='ocrx_word' id='word_1_197' title='bbox 621 3526 787 3581; x_wconf 78' lang='lat' dir='ltr'>Porettetiam</span> <span class='ocrx_word' id='word_1_198' title='bbox 862 3533 968 3586; x_wconf 74' lang='lat' dir='ltr'>rlluiue</span> <span class='ocrx_word' id='word_1_199' title='bbox 977 3531 1104 3606; x_wconf 80' lang='lat' dir='ltr'>Eutychi¹</span> <span class='ocrx_word' id='word_1_200' title='bbox 1115 3525 1285 3597; x_wconf 67' lang='lat' dir='ltr'>qiuaputca·</span> 
     </span>
     <span class='ocr_line' id='line_1_29' title="bbox 331 3604 1282 3680; baseline 0.004 -26"><span class='ocrx_word' id='word_1_201' title='bbox 331 3605 404 3662; x_wconf 74' lang='lat' dir='ltr'>ulter</span> <span class='ocrx_word' id='word_1_202' title='bbox 415 3605 444 3657; x_wconf 78' lang='lat' dir='ltr'>ad</span> <span class='ocrx_word' id='word_1_203' title='bbox 457 3606 526 3657; x_wconf 82' lang='lat' dir='ltr'>illum</span> <span class='ocrx_word' id='word_1_204' title='bbox 536 3607 619 3658; x_wconf 84' lang='lat' dir='ltr'>locum</span> <span class='ocrx_word' id='word_1_205' title='bbox 631 3610 787 3676; x_wconf 74' lang='lat' dir='ltr'>mponleri.</span> <span class='ocrx_word' id='word_1_206' title='bbox 826 3609 927 3678; x_wconf 73' lang='lat' dir='ltr'>rigum</span> <span class='ocrx_word' id='word_1_207' title='bbox 943 3613 1061 3680; x_wconf 73' lang='lat' dir='ltr'>Imperet.</span> <span class='ocrx_word' id='word_1_208' title='bbox 1076 3606 1202 3677; x_wconf 75' lang='lat' dir='ltr'>gratiosus</span> <span class='ocrx_word' id='word_1_209' title='bbox 1217 3604 1282 3667; x_wconf 81' lang='lat' dir='ltr'>luit,</span> 
     </span>
     <span class='ocr_line' id='line_1_30' title="bbox 331 3685 1282 3762; baseline 0.012 -24"><span class='ocrx_word' id='word_1_210' title='bbox 331 3687 393 3738; x_wconf 81' lang='lat' dir='ltr'>Nam</span> <span class='ocrx_word' id='word_1_211' title='bbox 404 3703 460 3736; x_wconf 90' lang='lat' dir='ltr'>cum</span> <span class='ocrx_word' id='word_1_212' title='bbox 472 3687 623 3757; x_wconf 75' lang='lat' dir='ltr'>trigesimum</span> <span class='ocrx_word' id='word_1_213' title='bbox 633 3691 786 3758; x_wconf 80' lang='lat' dir='ltr'>caputeius·</span> <span class='ocrx_word' id='word_1_214' title='bbox 826 3691 922 3746; x_wconf 73' lang='lat' dir='ltr'>mentio</span> <span class='ocrx_word' id='word_1_215' title='bbox 938 3691 1002 3762; x_wconf 80' lang='lat' dir='ltr'>apud</span> <span class='ocrx_word' id='word_1_216' title='bbox 1020 3688 1155 3757; x_wconf 77' lang='lat' dir='ltr'>lorephrun</span> <span class='ocrx_word' id='word_1_217' title='bbox 1168 3685 1239 3748; x_wconf 68' lang='lat' dir='ltr'><strong>XIX·</strong></span> <span class='ocrx_word' id='word_1_218' title='bbox 1257 3701 1282 3754; x_wconf 82' lang='lat'>3·</span> 
     </span>
     <span class='ocr_line' id='line_1_31' title="bbox 332 3763 912 3841; baseline 0.019 -27"><span class='ocrx_word' id='word_1_219' title='bbox 332 3763 388 3815; x_wconf 82' lang='lat' dir='ltr'>dem</span> <span class='ocrx_word' id='word_1_220' title='bbox 401 3764 457 3816; x_wconf 88' lang='lat' dir='ltr'>libri</span> <span class='ocrx_word' id='word_1_221' title='bbox 468 3767 574 3819; x_wconf 78' lang='lat' dir='ltr'>Senecae</span> <span class='ocrx_word' id='word_1_222' title='bbox 584 3771 701 3833; x_wconf 83' lang='lat' dir='ltr'>consulo,</span> <span class='ocrx_word' id='word_1_223' title='bbox 712 3771 787 3823; x_wconf 82' lang='lat' dir='ltr'>video</span> <span class='ocrx_word' id='word_1_224' title='bbox 825 3772 912 3841; x_wconf 73' lang='lat' dir='ltr'>Antio.</span> 
     </span>
    </p>

    <p class='ocr_par' dir='ltr' id='par_1_8' title="bbox 270 3840 1284 3999">
     <span class='ocr_line' id='line_1_32' title="bbox 331 3840 1284 3918; baseline -0.003 -19"><span class='ocrx_word' id='word_1_225' title='bbox 331 3861 388 3899; x_wconf 74' lang='lat' dir='ltr'>eum</span> <span class='ocrx_word' id='word_1_226' title='bbox 405 3845 474 3913; x_wconf 85' lang='lat' dir='ltr'>loqui</span> <span class='ocrx_word' id='word_1_227' title='bbox 491 3847 521 3898; x_wconf 89' lang='lat' dir='ltr'>de</span> <span class='ocrx_word' id='word_1_228' title='bbox 531 3849 643 3914; x_wconf 83' lang='lat' dir='ltr'>llesopiir</span> <span class='ocrx_word' id='word_1_229' title='bbox 659 3849 722 3918; x_wconf 76' lang='lat' dir='ltr'>logis</span> <span class='ocrx_word' id='word_1_230' title='bbox 735 3865 787 3902; x_wconf 85' lang='lat' dir='ltr'>nort</span> <span class='ocrx_word' id='word_1_231' title='bbox 859 3867 875 3902; x_wconf 86' lang='lat'>2</span> <span class='ocrx_word' id='word_1_232' title='bbox 888 3849 1023 3905; x_wconf 73' lang='lat' dir='ltr'>Memoiree</span> <span class='ocrx_word' id='word_1_233' title='bbox 1035 3845 1065 3901; x_wconf 81' lang='lat' dir='ltr'>tle</span> <span class='ocrx_word' id='word_1_234' title='bbox 1076 3840 1200 3900; x_wconf 78' lang='lat' dir='ltr'>Trevottx</span> <span class='ocrx_word' id='word_1_235' title='bbox 1210 3846 1284 3913; x_wconf 81' lang='lat'>1708.</span> 
     </span>
     <span class='ocr_line' id='line_1_33' title="bbox 270 3919 1044 3999; baseline 0.014 -26"><span class='ocrx_word' id='word_1_236' title='bbox 270 3919 274 3932; x_wconf 85' lang='grc'><em>“</em></span> <span class='ocrx_word' id='word_1_237' title='bbox 333 3940 410 3977; x_wconf 76' lang='lat' dir='ltr'>versu</span> <span class='ocrx_word' id='word_1_238' title='bbox 425 3924 516 3988; x_wconf 80' lang='lat' dir='ltr'>larino,</span> <span class='ocrx_word' id='word_1_239' title='bbox 532 3939 561 3976; x_wconf 88' lang='lat' dir='ltr'>ut</span> <span class='ocrx_word' id='word_1_240' title='bbox 576 3925 701 3980; x_wconf 76' lang='lat' dir='ltr'>Phaedrus</span> <span class='ocrx_word' id='word_1_241' title='bbox 718 3927 787 3980; x_wconf 77' lang='lat' dir='ltr'>fece·</span> <span class='ocrx_word' id='word_1_242' title='bbox 826 3941 951 3999; x_wconf 70' lang='lat' dir='ltr'>pag-790.</span> <span class='ocrx_word' id='word_1_243' title='bbox 1039 3981 1044 3992; x_wconf 84' lang='grc'><strong>,</strong></span> 
     </span>
    </p>
   </div>
   <div class='ocr_carea' id='block_1_8' title="bbox 331 4001 787 4078">
    <p class='ocr_par' dir='ltr' id='par_1_9' title="bbox 331 4001 787 4078">
     <span class='ocr_line' id='line_1_34' title="bbox 331 4001 787 4078; baseline 0.013 -22"><span class='ocrx_word' id='word_1_244' title='bbox 331 4013 383 4066; x_wconf 78' lang='lat' dir='ltr'>tat,</span> <span class='ocrx_word' id='word_1_245' title='bbox 398 4001 442 4056; x_wconf 76' lang='lat' dir='ltr'>sed</span> <span class='ocrx_word' id='word_1_246' title='bbox 458 4002 536 4058; x_wconf 72' lang='lat' dir='ltr'>letior</span> <span class='ocrx_word' id='word_1_247' title='bbox 550 4005 787 4078; x_wconf 64' lang='lat' dir='ltr'>promulgantis.</span> 
     </span>
    </p>
   </div>
   <div class='ocr_carea' id='block_1_9' title="bbox 0 0 1460 4786">
    <p class='ocr_par' dir='ltr' id='par_1_10' title="bbox 0 0 1460 4786">
     <span class='ocr_line' id='line_1_35' title="bbox 0 0 1460 4786; baseline 0 0"><span class='ocrx_word' id='word_1_248' title='bbox 0 0 1460 4786; x_wconf 95' lang='lat' dir='ltr'> </span> 
     </span>
    </p>
   </div>
  </div>
 </body>
</html>
