2916 4790
471 405 675 468 LIBER
714 405 767 468 11.

285 640 906 741 .'ruuunuvrf

232 813 447 894 AQUILA,
476 814 665 867 condux
691 815 748 866 ET
776 813 1010 872 TESTUDO·
1093 887 1095 892 ,

113 1045 116 1050 ,
139 926 304 1057 Caurus
320 977 468 1052 potentes
482 987 581 1032 nemo
596 977 643 1032 est
656 968 804 1032 munitus
817 969 912 1048 satis3
1017 1019 1023 1031 .

136 1075 176 1137 Si
193 1097 271 1140 vero
284 1076 416 1139 accessit
433 1051 623 1138 consiliator*
637 1073 818 1156 maleficus,

136 1181 250 1246 viset
265 1181 412 1263 nequitia
425 1181 588 1263 quidquid
595 1185 806 1268 impugnant,
826 1183 903 1246 ruit.

182 1290 305 1372 Aquila
317 1290 352 1353 iu
366 1291 507 1355 sublime
519 1291 646 1356 sustulit
656 1291 884 1356 Testudinem:

137 1393 237 1475 Quae
251 1412 327 1452 cum
340 1391 516 1456 abdidisset
529 1392 648 1454 cornea
661 1411 778 1474 corpus
791 1394 909 1474 domo,
1079 1392 1098 1454 5

135 1499 169 1558 N
171 1517 210 1560 ec
219 1497 292 1558 ullo
305 1505 400 1579 pacto
415 1496 502 1558 laedi
520 1505 634 1578 posset
646 1495 794 1570 condita3

134 1602 242 1667 Venit
253 1623 313 1684 per
328 1620 423 1668 auras
442 1588 580 1681 Cornix,
594 1607 626 1662 et
638 1610 774 1682 propter
790 1599 923 1661 volans:

137 1704 300 1787 Opimam
316 1719 395 1768 sane
410 1692 567 1787 praedam
585 1703 722 1786 rapuisti
736 1701 921 1788 unguibus,
966 1725 972 1740 ·

55 1865 74 1881 ,,
107 1885 109 1890 ,
136 1814 223 1892 Sed,
236 1809 299 1872 nisi
310 1818 510 1888 monstraro,
526 1807 607 1889 quid
623 1807 663 1870 sit
675 1805 862 1870 faciendum
877 1802 955 1886 tibi,

137 1916 246 1994 Gravi
260 1915 484 1995 nequidquam
497 1923 529 1975 te
543 1913 674 1975 lassabit
687 1914 844 2000 pondere.

138 2002 306 2084 Promissa
322 2027 430 2102 parte,
442 2021 571 2098 suadet,
589 2027 625 2079 ut
635 2019 806 2101 suopulum
819 2035 920 2100 super

139 2126 227 2189 Altis
244 2127 286 2192 ab
302 2123 395 2192 astris
407 2127 525 2188 duram
539 2124 644 2186 illidat
663 2124 837 2205 corticem,

141 2231 220 2312 Qua
233 2227 433 2298 comminuta
443 2227 541 2290 facile
550 2237 699 2290 vescatur
716 2225 802 2289 cibo.

140 2334 283 2400 Inducta
294 2331 403 2392 verbis
418 2327 552 2411 Aquila,
564 2327 698 2390 monitis
710 2327 838 2410 paruit,

141 2435 250 2500 Simul
263 2446 294 2498 et
304 2434 479 2520 magistrae
491 2435 582 2520 large
597 2431 707 2494 divisit
721 2433 859 2513 dapem..

141 2540 197 2606 Sic
212 2551 279 2603 tuta
292 2561 377 2621 quae
389 2548 525 2612 naturae
540 2539 646 2602 fuerat
660 2557 818 2624 munere,

140 2645 256 2726 Impar
272 2645 400 2707 duabus
412 2641 533 2706 occidit
546 2620 630 2705 tristi
644 2663 734 2716 neue.

348 2813 843 2915 'suuuuuvu.

366 3013 498 3067 murt
524 3015 580 3086 ar
606 3013 880 3069 annosus.

142 3125 265 3240 Mum
275 3167 403 3256 gravati
418 3166 555 3258 sardinis
571 3169 663 3232 ibant
681 3169 765 3230 duo:
797 3227 798 3230 ,

143 3278 237 3338 Unus
257 3275 381 3340 ferebat
394 3274 489 3340 fiscos
501 3297 576 3342 cum
588 3273 745 3357 pecunia3
864 3273 872 3290 “
950 3287 955 3296 ’

144 3380 410 3462 Alter-tumentes
424 3379 529 3444 multo
545 3389 654 3443 sacam
666 3380 804 3442 hordeo.

144 3481 225 3559 ille,
242 3498 340 3544 onere
357 3473 465 3564 dives,
485 3474 570 3546 celsa
588 3482 715 3548 cervice
733 3481 875 3564 eminet,

147 3587 344 3666 Clarumque
361 3589 448 3650 collo
462 3587 558 3650 iactat
576 3586 854 3664 tintinnabulum

146 3687 262 3746 Comes
275 3684 386 3765 quieto
402 3689 548 3768 sequitur
566 3698 597 3751 et
614 3690 746 3771 placido
763 3691 881 3776 gradu.

145 3787 260 3852 Subito
273 3792 418 3856 latrones
432 3814 471 3856 ex
483 3792 610 3858 insidiis
626 3796 800 3878 advolant,
855 3804 857 3810 ’
