2848 4792
426 447 737 514 FABULAE.

370 692 670 768 FABULA
719 697 812 771 XV.

323 851 848 947 nuvuurnurconvo

107 986 255 1100 Vnum
264 1041 398 1117 gerente
407 1032 537 1111 famem,
548 1034 689 1094 Corvum
697 1033 780 1118 gerit
789 1035 901 1115 arhor,
915 1043 947 1098 et
956 1055 1073 1102 escum.

152 1134 221 1195 Ore
233 1155 350 1218 gerens
360 1138 499 1214 Corvus,
511 1137 620 1217 Vulpe
629 1137 799 1226 loquente,
814 1139 905 1200 silet:

108 1239 220 1301 Corve
231 1241 349 1304 decore
359 1243 493 1320 decens,
507 1261 653 1326 cygnum
666 1243 808 1304 candore
818 1264 1010 1326 peraequum

152 1344 188 1408 Si
200 1356 296 1408 cantu
311 1350 455 1430 placeas,
470 1350 544 1430 plus
557 1367 617 1410 ave
629 1368 760 1428 quaque
770 1350 889 1430 places.

109 1451 225 1516 Credit
237 1453 321 1532 avis,
336 1453 505 1535 pictaeque
515 1455 646 1536 placent
657 1455 827 1537 praeludia
839 1453 990 1540 lingum
1042 1455 1061 1517 ὅ

152 1559 240 1618 Dum
255 1556 359 1637 canit,
378 1566 414 1619 ut
430 1559 569 1640 placeat,
589 1577 699 1622 caseus
712 1579 770 1622 ore
786 1557 882 1620 ca‘dit.

107 1663 184 1726 Hoc
195 1657 316 1725 fruitur
331 1665 471 1747 Vulpes;
491 1665 664 1752 insurgunt
680 1663 786 1728 taedia
802 1667 926 1726 Corvo:

150 1769 287 1846 cuperat
304 1765 340 1828 in
352 1766 483 1826 modico
494 1768 615 1829 damna
633 1769 746 1829 dolore
762 1767 880 1847 pudor.

109 1869 135 1934 F
136 1867 263 1929 ellitom
281 1866 404 1948 patitur
421 1865 540 1945 risum,
563 1885 662 1944 quem
678 1866 783 1928 mellit
798 1865 907 1928 inanis

145 1970 283 2033 'Glorior
301 1990 378 2041 vera
388 1970 475 2052 parit
491 1969 596 2036 taedia
613 1971 711 2032 falsus
724 1974 842 2032 honor.
1023 1989 1061 2034 ro

271 2099 651 2233 ⁴FABULA
700 2162 824 2234 XVI.

291 2333 349 2386 nu
377 2333 528 2388 nno-nu
557 2295 891 2390 ruvurrnuro.

111 2453 252 2568 Inuum
264 2501 418 2564 miserum
430 2489 709 2594 gravitnsflaunosu
721 2501 881 2582 Leonem,

151 2605 310 2691 Inglccint
322 2627 454 2688 corpus,
473 2625 595 2684 corque
610 2603 713 2667 senile
726 2607 815 2690 gelu.

113 2711 212 2774 Instat
222 2731 317 2792 uper,
334 2723 448 2793 pensat
461 2711 563 2785 veteri
578 2732 639 2795 pro
651 2712 789 2773 vulnere
802 2712 931 2775 uulnus.

152 2817 278 2879 Frontis
290 2837 365 2879 eum
381 2817 444 2880 telo
462 2827 572 2880 taurus
590 2825 731 2897 utroque
744 2814 838 2878 fodit
939 2877 940 2887 ,

110 2918 218 2982 saevit
232 2920 349 2982 asellus
362 2917 464 2997 iners,
482 2926 514 2980 et
527 2917 669 2979 frontem
686 2918 774 2980 calce
787 2917 918 3002 sigillat.
1038 2919 1058 2982 6

151 3023 240 3083 llaec
251 3025 323 3084 solo
335 3023 457 3108 gemitu
469 3021 612 3084 vindicat
625 3034 697 3084 acta
712 3025 787 3085 Leo.

115 3126 231 3189 Omnia
243 3148 327 3208 quae
340 3125 417 3207 vici,
432 3147 485 3188 me
496 3127 631 3188 vincunt
642 3127 770 3187 omnia:
790 3125 913 3188 dormit

151 3231 206 3295 Vis
218 3253 308 3314 mea,
322 3232 442 3302 dormit
457 3234 579 3310 honor,
596 3231 718 3292 dormit
731 3233 866 3296 honoris
879 3251 972 3314 opus.

117 3337 173 3400 Cui
187 3341 304 3420 nocui,
320 3349 413 3403 nocet
422 3339 483 3402 ‘ille
495 3337 595 3400 mihi:
613 3339 788 3419 multisque
805 3341 951 3423 peperci,

154 3442 217 3524 Qui
235 3443 317 3505 mihi
333 3465 397 3506 non
409 3455 559 3528 parcunt,
579 3465 639 3526 pro
657 3443 777 3526 pietate
789 3455 917 3508 nocent.
1018 3465 1056 3509 ιο

116 3550 209 3612 Hunc
228 3548 337 3609 timeat
356 3570 480 3631 casum,
495 3551 599 3631 quise
614 3571 680 3612 non
696 3550 791 3612 fulcit
806 3551 928 3631 amico,

152 3649 217 3710 Nec
233 3648 312 3710 dare
324 3649 395 3710 vult
405 3649 504 3730 felix,
522 3668 621 3728 quem
635 3649 735 3710 miser
747 3655 838 3730 optat
853 3665 962 3728 opem.
