2848 4792
319 455 359 514 ao
522 487 526 497 ,
616 403 965 508 irrnn'ntx

317 594 415 658 Visco
429 589 605 676 contingit,
618 598 714 667 atque
726 587 761 648 in
775 597 894 648 terram
913 585 1062 648 detrahit.

358 699 552 782 Quicunque
563 697 694 758 fraudes
708 693 765 754 alii
779 692 882 754 tendit
891 693 1062 772 subdolas,

316 807 449 902 Timere
457 808 569 886 debet,
586 824 628 865 ne
640 803 710 884 ipse
721 800 868 883 capiatur
880 801 968 860 dolo.

564 1017 592 1112 F
616 1015 647 1086 A
673 1013 701 1083 B
728 1009 757 1083 U
784 1011 813 1082 L
837 1008 869 1080 A
917 1008 1016 1080 X'X.

443 1189 615 1268 curos,
643 1194 821 1252 vunr1s
850 1193 908 1244 nr
935 1181 1134 1244 r'nsron.

315 1315 443 1436 Larus
460 1375 520 1436 per
533 1361 660 1431 tempus
673 1345 847 1409 maximam
859 1346 1063 1426 congesserat

270 1469 273 1474 '
314 1463 470 1524 Praedam
486 1459 521 1546 in
532 1454 657 1535 cubile,
668 1455 801 1514 haberet
812 1457 849 1509 ut
863 1444 1000 1526 cibaria,

314 1569 415 1653 Queis
428 1567 536 1647 plures
551 1572 656 1646 posset
671 1579 796 1620 menses
809 1555 878 1626 otio
894 1552 969 1618 frui.

312 1675 437 1754 Vulpes
452 1678 487 1732 ut
501 1666 610 1747 novit,
631 1665 673 1725 ad
690 1663 797 1725 cubile
811 1659 879 1722 abit
897 1657 994 1740 Lupi,

310 1785 350 1845 Et
361 1801 441 1843 voce
452 1776 605 1860 tremula:
620 1775 670 1840 An
679 1779 783 1852 recte,
795 1771 908 1848 frater,
923 1764 1060 1828 omnia?

312 1887 410 1972 Quod
422 1898 452 1947 te
462 1903 529 1946 non
540 1879 609 1942 vidi
626 1877 715 1941 silvis
732 1886 906 1941 venantem
919 1853 1007 1956 tuis,

311 1995 449 2058 Tristem
461 2013 519 2074 per
531 2007 644 2053 omnes
653 1985 749 2070 exegi
764 1985 863 2046 vitam
876 1982 959 2046 dies·
1064 2019 1070 2047 .

311 2099 587 2186 Lupus,livorem
607 2105 778 2178 postquam
794 2091 928 2178 agnovit
943 2087 1108 2169 aemulae,

309 2210 384 2270 Non
395 2216 428 2267 tu
441 2204 580 2267 sollicita
593 2205 659 2264 huc
669 2218 764 2262 causa
778 2196 896 2259 venisti
911 2211 996 2276 ntea,

309 2314 373 2378 sed
382 2321 508 2392 partem
519 2317 554 2370 ut
568 2316 685 2389 captes.
697 2303 822 2364 Fraude
835 2300 916 2381 quid
927 2310 1030 2382 petas,
1045 2296 1125 2362 scio.
1219 2317 1258 2358 ιο

307 2422 393 2482 Irata
404 2418 520 2502 Vulpis
530 2419 572 2479 ad
582 2414 694 2479 ovium
709 2419 870 2494 pastorem
881 2407 966 2470 adi-t:

307 2532 450 2615 dgesne,
465 2531 594 2606 Pastor,
608 2520 730 2601 inquit,
744 2518 863 2606 gratias
876 2517 976 2598 mibi,

307 2635 482 2697 Inimicum
494 2631 523 2694 si
537 2631 705 2714 tradidero*
714 2626 812 2688 hodie
823 2619 931 2708 gregis
943 2623 1003 2706 tui,

306 2745 351 2804 Ut
364 2758 531 2820 nunquam
545 2737 587 2798 sis
601 2732 780 2798 sollicitus?
796 2735 924 2809 Pastor,
943 2730 1091 2806 Serviarn

306 2847 396 2928 Tibi,
406 2843 524 2926 inquit,
537 2842 677 2925 tribuam
688 2851 734 2921 et,
745 2839 906 2919 quidquid
915 2838 1068 2922 volueris,
1077 2840 1201 2901 lubens.
1216 2837 1250 2900 u

307 2952 424 3016 Cubile
437 2956 593 3011 monstrat
603 2946 660 3007 illa
677 2944 800 3026 pastori
815 2942 916 3024 Lupi3

305 3057 372 3142 Qui
386 3059 532 3119 clausurn
543 3051 692 3136 protinus
705 3049 843 3133 peremit
854 3050 983 3128 lancea,

303 3166 344 3227 Et
355 3166 500 3249 gaudens
511 3164 551 3224 de
561 3161 669 3223 alieno
681 3155 837 3222 saturavit
851 3160 1026 3222 aemulam.

193 3290 199 3305 ’
268 3263 275 3274 ’
305 3273 349 3332 Ut
362 3291 440 3332 vero
454 3270 569 3351 Vulpis
582 3269 615 3331 in
628 3279 783 3330 venantes
798 3266 929 3346 incidit,

303 3381 489 3458 Deprensa,
506 3373 640 3438 canibus
656 3366 686 3435 et
705 3375 840 3454 laniata,
852 3375 899 3437 sic
910 3375 974 3437 ait:

212 3517 216 3520 -
303 3481 390 3548 Dedi
402 3480 457 3542 vix
471 3479 565 3541 alteri
580 3483 719 3556 malum,
733 3490 765 3540 et
778 3479 842 3540 iant
859 3481 989 3564 punior.

290 3675 298 3682 ἱ
342 3589 471 3650 Timere
482 3587 589 3664 debet,
604 3582 749 3662 quisquis
762 3585 818 3646 alii
830 3587 964 3649 sustinet

299 3677 441 3776 Nocere,
456 3691 549 3776 peius
564 3689 629 3775 ipsi
639 3710 682 3753 ne
699 3691 827 3756 eveniat
840 3695 974 3756 malum.

1400 1896 1408 2067 l
