2916 4790
436 451 438 464 Α
500 501 703 563 LIBER
743 501 821 563 111.

169 645 302 709 Misere
321 663 459 728 panem,
472 654 508 706 ut
523 643 693 706 sustineret
709 645 871 726 spiritum.

171 751 256 810 Nox
271 747 416 812 insecuta
429 758 490 809 est:
505 749 628 810 abeunt
643 747 749 812 securi
763 751 919 834 domum,

158 849 286 932 'Quasi
299 849 464 912 inventuri
479 861 643 914 mortuam
656 853 821 934 postridie.

171 955 223 1015 At
237 953 311 1033 illa,
329 953 415 1016 vires
433 963 470 1012 ut
486 953 597 1016 refecit
615 955 803 1041 languidas,

171 1060 298 1124 Veloci
310 1064 392 1122 saltu
414 1058 509 1121 fovei
527 1081 595 1126 sese
609 1057 746 1145 liberet,

170 1163 218 1222 Et
233 1162 270 1222 in
286 1164 394 1226 cubile
411 1168 539 1230 concito
555 1166 832 1254 propelratgradu·

70 1333 73 1348 .
167 1267 299 1329 Paucis
317 1268 433 1334 diebus
448 1269 660 1352 interpositis,
682 1272 846 1352 provolat,

168 1375 285 1434 Pecus
300 1376 454 1458 trucidet,
472 1377 559 1460 ipsos
570 1386 713 1460 pastores
729 1384 839 1458 necat,

168 1484 239 1563 Et,
254 1497 370 1547 cuncta
386 1499 530 1568 vastans,
546 1485 647 1550 saevit
660 1486 744 1548 irato
762 1486 899 1570 impetu.

168 1584 268 1656 Tum
282 1593 343 1656 sibi
362 1594 529 1672 timentes,
543 1595 601 1675 qul
617 1595 706 1656 ferae
718 1599 947 1676 pepercerunt,
1097 1592 1134 1658 1⁵

168 1703 348 1764 Damnum
360 1705 449 1764 haud
460 1715 628 1783 recusant,
641 1711 766 1763 tantum
778 1719 840 1782 pro
853 1699 920 1762 vita
932 1706 1058 1788 rogant.

171 1804 220 1865 At
236 1803 308 1864 illa:
325 1803 477 1882 Memini,
496 1804 554 1884 qui
567 1824 621 1866 me
635 1823 712 1868 saxo
725 1802 873 1885 petierit,

173 1908 266 1991 Quis
282 1928 400 1988 panem
415 1907 557 1970 dederit:
577 1929 634 1972 vos
647 1909 762 1972 timere
778 1909 935 1972 absistite:

176 2011 255 2074 Illis
273 2027 418 2076 revertor
431 2014 545 2096 hostis,
563 2014 622 2096 qui
639 2037 691 2078 me
705 2019 878 2080 laeserunt.

443 2213 746 2287 FABULA
794 2216 878 2286 111.
971 2221 976 2236 '

345 2369 589 2448 'nescius
617 2387 672 2436 es
699 2385 956 2442 nuss1cus.

180 2483 286 2597 Usu
297 2527 419 2610 peritus
432 2526 560 2598 hariolo
576 2527 720 2593 velocior

181 2634 298 2720 Vulgo
315 2653 380 2696 esse
397 2634 515 2710 fertum
535 2653 630 2701 causa
646 2635 786 2698 sednon
801 2631 939 2698 dieitur:

183 2740 336 2800 Notescet
349 2757 434 2817 quae
451 2759 538 2800 nunc
556 2738 699 2823 primum
715 2738 836 2802 labelli
851 2740 933 2805 mei·

224 2843 369 2906 Habenti
385 2844 515 2906 cuidam
531 2864 653 2926 pecora
669 2825 866 2930 pepererunt
886 2847 965 2910 oves

168 2952 298 3035 'Agnos
314 2939 460 3012 humano
476 2949 591 3033 capite.
608 2953 754 3038 Monstro
768 2927 965 3036 ex'territus,'
1123 2949 1141 3020 ll

180 3059 236 3120 Ad
254 3058 470 3128 consulendos
486 3055 588 3118 currit
605 3075 755 3126 moerens
768 3053 924 3118 hariolos.

180 3160 250 3226 Hic
263 3161 429 3244 pertinere
441 3164 483 3223 ad
499 3141 627 3234 domini
643 3162 816 3242 respondet
835 3168 950 3242 caput,

181 3270 224 3329 Et
238 3268 453 3329 avertendum
466 3265 599 3327 victimis
614 3255 814 3348 periculum:
875 3285 877 3294 ’

182 3368 247 3432 llle
263 3378 373 3430 autem
390 3368 547 3451 affirmat,
565 3371 739 3455 coniugem
753 3364 822 3430 esse
839 3366 1035 3448 adulteram,

183 3479 225 3539 Et
242 3473 389 3538 insitivos
402 3475 582 3562 significari
601 3476 740 3552 liberos;
1101 3493 1140 3536 10

185 3583 250 3641 Sed
264 3580 390 3661 expiari
406 3602 499 3661 posse
517 3581 635 3644 maiori
650 3581 766 3644 hostia.

188 3682 277 3763 Quid
290 3685 413 3745 multa?
432 3685 530 3746 variis
545 3685 702 3750 dissident
716 3683 900 3762 sententiis,

188 3785 405 3866 Hominisque
425 3807 537 3850 curam
556 3809 633 3858 cura
651 3788 776 3850 maiore
792 3793 981 3872 aggravant.

187 3893 334 3970 Aesopus
350 3889 399 3950 ibi
414 3903 518 3972 stans,
533 3891 620 3955 naris
639 3901 811 3954 emunctae
825 3910 941 3980 senex,
987 3967 992 3977 ¹
