2750 4782
364 445 420 526 ηε
658 432 853 500 runnu
885 429 1016 496 srnr
1082 411 1086 418 '
1166 446 1211 490 v.
1234 425 1321 506 ³9⁵·

359 561 600 659 Malusbonnm
612 587 699 648 adse
712 601 881 664 nunquam
895 579 1067 643 consilium
1080 577 1212 638 refert.

294 713 297 720 ’
360 699 467 762 Malus
477 697 602 756 bonum
613 687 671 750 nbi
681 708 715 750 se
730 686 877 764 simulat,
897 693 974 744 tunc
986 691 1033 744 est
1045 681 1241 764 pessimus.

361 808 469 872 Malus
479 812 527 867 est
535 785 715 877 vocandus,
732 787 790 873 qui
802 811 862 874 sue
876 795 1032 876 causaest
1047 787 1180 846 honus.

361 913 469 976 Malus
479 907 540 974 etsi
549 908 661 968 obesse
676 921 744 966 non
758 909 851 982 pote,
866 907 976 959 tamen
989 892 1120 978 cogitat.

361 1019 470 1084 Malus
477 1008 708 1097 quicunqnein
719 1025 825 1088 poena
835 1013 895 1084 est,
909 999 1112 1086 praesidium
1121 1005 1183 1063 est
1195 994 1317 1060 bonis

363 1101 535 1194 Manifesta
548 1137 644 1183 musa
652 1133 764 1179 mcum
772 1113 870 1175 habet
882 1105 1083 1176 sententiam.
1110 1163 1113 1168 .

362 1235 534 1298 Mansuete
545 1207 776 1295 mtinrasunt3
793 1212 1021 1280 ndns-rium

363 1336 528 1404 Medicina
540 1325 733 1396 calamitatis
746 1332 793 1388 est
806 1317 1054 1401 aequanimitas.
1354 1329 1355 1346 ¹

363 1441 528 1508 uerum
540 1438 610 1501 son
622 1431 827 1502 miseriarum
841 1424 976 1489 osseo.

363 1542 519 1609 Meretrix
536 1527 584 1602 est
596 1538 851 1599 instrumentum
864 1525 1090 1592 contumeliae.

364 1647 578 1714 Metuendum
587 1659 715 1721 semper
725 1647 772 1700 est
781 1637 825 1717 ei,
842 1636 931 1716 quod
942 1641 1047 1694 tutum
1058 1628 1161 1692 velis.

364 1759 491 1821 Metum
501 1745 663 1830 respicere
671 1761 741 1806 non
750 1742 850 1824 solet,
865 1737 1024 1821 quidquid
1035 1736 1143 1799 iuvat.

365 1860 473 1920 Metus
483 1853 651 1936 improbos
666 1843 859 1930 compescit,
874 1862 942 1906 non
952 1838 1138 1906 clementia.

365 1967 475 2030 Metus
488 1979 563 2024 cum
573 1955 677 2036 uenit,
691 1967 804 2017 rarum
812 1945 1058 2014 hahet‘somnus
1068 1948 1199 2010 locum.

368 2066 545 2131 Minimum
559 2060 656 2143 eripit
668 2061 826 2137 Fortuna,
844 2074 920 2116 cnm
933 2049 1110 2114 minimum
1124 2049 1237 2112 dedit.

369 2175 480 2237 Minus
492 2164 667 2247 decipitur,
684 2159 739 2223 cui
752 2166 890 2243 negatur
906 2155 1062 2218 celeriter.
1118 2157 1134 2182 ⁸
1268 2173 1315 2230 4¹⁰

265 2285 268 2290 '
309 2359 312 2366 ¹
370 2274 481 2339 Minus
491 2279 538 2333 est
546 2285 646 2348 quam
654 2283 778 2348 servus,
789 2259 958 2342 dominus,
968 2257 1026 2338 qui
1034 2254 1152 2321 servos
1160 2256 1269 2320 timet.

370 2378 481 2444 Minus
492 2392 590 2456 saepe
602 2389 731 2453 pecces,
746 2366 880 2446 sisciae,
893 2365 975 2454 quid
986 2363 1119 2426 nescias.

212 2497 214 2504 ’
302 2469 310 2482 ’
372 2482 492 2546 Misera
504 2490 550 2543 est
563 2479 726 2557 voluptas,
736 2473 795 2536 ubi
807 2471 923 2559 pericli
936 2469 1094 2534 memoria
1105 2479 1171 2544 estq

373 2585 473 2648 Miser
485 2581 551 2646 dici
565 2583 670 2643 bonus
681 2573 747 2658 vir,
765 2595 833 2639 esse
847 2596 915 2638 non
928 2563 1042 2658 potest.

374 2675 486 2752 Miseri
499 2695 546 2748 est
559 2681 701 2764 nescire,
716 2680 788 2743 sine
802 2679 949 2764 periculo
963 2681 1088 2745 viveres
1159 2721 1164 2730 ·
1190 2651 1197 2660 ⁸

375 2787 540 2854 Miseriam
552 2785 695 2867 nescire,
706 2783 777 2848 sine
792 2782 916 2865 periclo
927 2791 972 2846 est
982 2782 1100 2844 vivere.

377 2892 562 2960 Misericors
573 2888 670 2969 civis,
687 2887 810 2972 patriae
823 2897 869 2951 est
885 2887 1073 2950 consolatio.

378 2999 559 3069 Miserrima
570 3005 617 3059 est
628 2994 777 3075 fortuna,
791 3013 874 3074 quae
887 2992 1038 3056 inimicos
1054 2994 1144 3055 latet.
1201 3060 1208 3066 ‚
1230 2967 1236 2974 ⁶

378 3106 561 3171 Miserrima
576 3113 622 3168 est
633 3101 780 3180 fortuna,
794 3107 878 3180 quae
887 3100 1020 3164 inimico
1035 3110 1132 3163 earet.

379 3199 599 3273 Miserrimum
612 3219 659 3270 est
671 3205 805 3269 arbitrio
816 3205 949 3274 alterius
962 3204 1082 3269 vivere.

380 3313 535 3375 Miserum
549 3324 610 3393 est,
625 3323 732 3375 tacere
744 3310 930 3398 cogi‚quod
942 3312 1051 3394 cupias
1061 3311 1167 3391 toqui.
1354 3327 1355 3380 t

380 3411 535 3474 Miserum
552 3421 583 3506 te
595 3410 722 3489 iudiw,
738 3415 828 3491 quod
840 3433 1007 3492 nunquam
1024 3411 1125 3476 fueris
1135 3413 1251 3484 misen

381 3523 475 3582 Mora
493 3514 697 3599 cogitationis
714 3515 882 3600 diligentia
900 3530 956 3581 est.

382 3622 476 3681 Mora
489 3614 594 3680 omnis
607 3611 682 3675 odio
695 3623 761 3692 est,
776 3619 832 3678 sed
845 3618 922 3680 facit
932 3617 1135 3700 sapientiam.

382 3725 468 3790 Mori
482 3735 527 3788 est
540 3721 660 3812 felicis,
678 3735 851 3810 antequem
865 3737 1004 3788 mortem
1018 3725 1159 3790 invocet.
1181 3741 1202 3776 ·.

363 3867 365 3872 ν
384 3825 470 3891 Mo'ri
481 3844 610 3889 necesse
626 3836 685 3908 est,
699 3826 756 3888 sed
765 3845 834 3888 non
843 3825 969 3906 quoties
981 3827 1135 3890 volueris.
