<?xml version="1.0" encoding="UTF-8"?>
<!DOCTYPE html PUBLIC "-//W3C//DTD XHTML 1.0 Transitional//EN"
    "http://www.w3.org/TR/xhtml1/DTD/xhtml1-transitional.dtd">
<html xmlns="http://www.w3.org/1999/xhtml" xml:lang="en" lang="en">
 <head>
  <title>
</title>
<meta http-equiv="Content-Type" content="text/html;charset=utf-8" />
  <meta name='ocr-system' content='tesseract 3.04.00' />
  <meta name='ocr-capabilities' content='ocr_page ocr_carea ocr_par ocr_line ocrx_word'/>
</head>
<body>
  <div class='ocr_page' id='page_1' title='image "./phaedriaugustil05phaegoog_0217.png"; bbox 0 0 2848 4792; ppageno 0'>
   <div class='ocr_carea' id='block_1_1' title="bbox 290 403 1202 498">
    <p class='ocr_par' dir='ltr' id='par_1_1' title="bbox 290 403 1202 498">
     <span class='ocr_line' id='line_1_1' title="bbox 290 403 1202 498; baseline -0.009 -20"><span class='ocrx_word' id='word_1_1' title='bbox 290 429 292 432; x_wconf 94' lang='lat'>·</span> <span class='ocrx_word' id='word_1_2' title='bbox 348 418 388 498; x_wconf 63' lang='lat' dir='ltr'><strong>n</strong></span> <span class='ocrx_word' id='word_1_3' title='bbox 559 403 1090 472; x_wconf 69' lang='lat' dir='ltr'><strong>univirsv1ru1</strong></span> <span class='ocrx_word' id='word_1_4' title='bbox 1195 421 1202 432; x_wconf 89' lang='lat'>·</span> 
     </span>
    </p>
   </div>
   <div class='ocr_carea' id='block_1_2' title="bbox 346 533 1419 1370">
    <p class='ocr_par' dir='ltr' id='par_1_2' title="bbox 346 533 1419 1370">
     <span class='ocr_line' id='line_1_2' title="bbox 346 533 1140 640; baseline -0.009 -18"><span class='ocrx_word' id='word_1_5' title='bbox 346 561 458 640; x_wconf 87' lang='lat' dir='ltr'>Turpe</span> <span class='ocrx_word' id='word_1_6' title='bbox 472 554 569 618; x_wconf 88' lang='lat' dir='ltr'><strong>nimis</strong></span> <span class='ocrx_word' id='word_1_7' title='bbox 582 539 707 615; x_wconf 77' lang='lat' dir='ltr'><strong>cunctis</strong></span> <span class='ocrx_word' id='word_1_8' title='bbox 726 533 999 630; x_wconf 84' lang='lat' dir='ltr'><strong>irridendumque</strong></span> <span class='ocrx_word' id='word_1_9' title='bbox 1016 550 1140 615; x_wconf 72' lang='lat' dir='ltr'><strong>viderit</strong></span> 
     </span>
     <span class='ocr_line' id='line_1_3' title="bbox 387 654 1058 749; baseline -0.01 -25"><span class='ocrx_word' id='word_1_10' title='bbox 387 661 534 745; x_wconf 84' lang='lat' dir='ltr'><strong>lusignes</strong></span> <span class='ocrx_word' id='word_1_11' title='bbox 548 657 690 743; x_wconf 84' lang='lat' dir='ltr'><strong>geminis</strong></span> <span class='ocrx_word' id='word_1_12' title='bbox 707 655 861 749; x_wconf 74' lang='lat' dir='ltr'><strong>qornibus</strong></span> <span class='ocrx_word' id='word_1_13' title='bbox 872 654 920 718; x_wconf 89' lang='lat' dir='ltr'><strong>ire</strong></span> <span class='ocrx_word' id='word_1_14' title='bbox 939 656 1058 732; x_wconf 85' lang='lat' dir='ltr'><strong>boves;</strong></span> 
     </span>
     <span class='ocr_line' id='line_1_4' title="bbox 347 761 1110 842; baseline -0.013 -12"><span class='ocrx_word' id='word_1_15' title='bbox 347 766 386 830; x_wconf 79' lang='lat' dir='ltr'><strong>Et</strong></span> <span class='ocrx_word' id='word_1_16' title='bbox 401 766 508 828; x_wconf 90' lang='lat' dir='ltr'><strong>solum</strong></span> <span class='ocrx_word' id='word_1_17' title='bbox 522 764 612 825; x_wconf 87' lang='lat' dir='ltr'><strong>nulla</strong></span> <span class='ocrx_word' id='word_1_18' title='bbox 630 761 793 822; x_wconf 89' lang='lat' dir='ltr'><strong>munitum</strong></span> <span class='ocrx_word' id='word_1_19' title='bbox 811 771 904 842; x_wconf 88' lang='lat' dir='ltr'><strong>parte</strong></span> <span class='ocrx_word' id='word_1_20' title='bbox 921 761 1110 840; x_wconf 80' lang='lat' dir='ltr'><strong>camelum,</strong></span> 
     </span>
     <span class='ocr_line' id='line_1_5' title="bbox 388 845 1419 955; baseline -0.01 -21"><span class='ocrx_word' id='word_1_21' title='bbox 388 866 696 934; x_wconf 87' lang='lat' dir='ltr'><strong>Obiectumcunctis</strong></span> <span class='ocrx_word' id='word_1_22' title='bbox 710 864 959 946; x_wconf 83' lang='lat' dir='ltr'><strong>expositumque</strong></span> <span class='ocrx_word' id='word_1_23' title='bbox 975 865 1060 928; x_wconf 85' lang='lat' dir='ltr'><strong>feris.</strong></span> <span class='ocrx_word' id='word_1_24' title='bbox 1139 936 1147 955; x_wconf 36' lang='grc' dir='ltr'><em>ο</em></span> <span class='ocrx_word' id='word_1_25' title='bbox 1289 889 1332 932; x_wconf 83' lang='grc' dir='ltr'><strong>ιο</strong></span> <span class='ocrx_word' id='word_1_26' title='bbox 1418 845 1419 852; x_wconf 25' lang='lat'>¹</span> 
     </span>
     <span class='ocr_line' id='line_1_6' title="bbox 347 970 1199 1064; baseline -0.013 -20"><span class='ocrx_word' id='word_1_27' title='bbox 347 981 473 1064; x_wconf 84' lang='lat' dir='ltr'><strong>Iupiter</strong></span> <span class='ocrx_word' id='word_1_28' title='bbox 488 979 659 1054; x_wconf 84' lang='lat' dir='ltr'><strong>adridens,</strong></span> <span class='ocrx_word' id='word_1_29' title='bbox 680 971 852 1057; x_wconf 77' lang='lat' dir='ltr'><strong>postquam</strong></span> <span class='ocrx_word' id='word_1_30' title='bbox 868 984 995 1054; x_wconf 86' lang='lat' dir='ltr'><strong>sperata</strong></span> <span class='ocrx_word' id='word_1_31' title='bbox 1014 970 1162 1059; x_wconf 85' lang='lat' dir='ltr'><strong>negarit,</strong></span> <span class='ocrx_word' id='word_1_32' title='bbox 1193 987 1199 1002; x_wconf 77' lang='grc'><em>“</em></span> 
     </span>
     <span class='ocr_line' id='line_1_7' title="bbox 376 1076 1071 1166; baseline -0.009 -23"><span class='ocrx_word' id='word_1_33' title='bbox 376 1083 526 1166; x_wconf 86' lang='lat' dir='ltr'><strong>·Insuper</strong></span> <span class='ocrx_word' id='word_1_34' title='bbox 540 1089 570 1141; x_wconf 91' lang='lat' dir='ltr'><strong>et</strong></span> <span class='ocrx_word' id='word_1_35' title='bbox 585 1097 722 1164; x_wconf 86' lang='lat' dir='ltr'><strong>maguae</strong></span> <span class='ocrx_word' id='word_1_36' title='bbox 737 1076 865 1138; x_wconf 87' lang='lat' dir='ltr'><strong>sustulit</strong></span> <span class='ocrx_word' id='word_1_37' title='bbox 877 1077 964 1138; x_wconf 88' lang='lat' dir='ltr'><strong>auris</strong></span> <span class='ocrx_word' id='word_1_38' title='bbox 978 1096 1071 1140; x_wconf 86' lang='lat' dir='ltr'><strong>onus.</strong></span> 
     </span>
     <span class='ocr_line' id='line_1_8' title="bbox 349 1179 1241 1268; baseline -0.002 -20"><span class='ocrx_word' id='word_1_39' title='bbox 349 1186 434 1256; x_wconf 75' lang='lat' dir='ltr'><strong>Vive</strong></span> <span class='ocrx_word' id='word_1_40' title='bbox 446 1185 554 1246; x_wconf 88' lang='lat' dir='ltr'><strong>minor</strong></span> <span class='ocrx_word' id='word_1_41' title='bbox 570 1184 704 1263; x_wconf 86' lang='lat' dir='ltr'><strong>merito,</strong></span> <span class='ocrx_word' id='word_1_42' title='bbox 719 1183 772 1245; x_wconf 90' lang='lat' dir='ltr'><strong>oui</strong></span> <span class='ocrx_word' id='word_1_43' title='bbox 789 1202 859 1245; x_wconf 85' lang='lat' dir='ltr'><strong>sors</strong></span> <span class='ocrx_word' id='word_1_44' title='bbox 872 1203 940 1268; x_wconf 89' lang='lat' dir='ltr'><strong>non</strong></span> <span class='ocrx_word' id='word_1_45' title='bbox 955 1179 1087 1262; x_wconf 89' lang='lat' dir='ltr'><strong>sufficit,</strong></span> <span class='ocrx_word' id='word_1_46' title='bbox 1104 1181 1241 1266; x_wconf 82' lang='lat' dir='ltr'><strong>inquit,</strong></span> 
     </span>
     <span class='ocr_line' id='line_1_9' title="bbox 351 1284 1115 1370; baseline -0.004 -19"><span class='ocrx_word' id='word_1_47' title='bbox 351 1319 358 1330; x_wconf 89' lang='lat'><strong>·</strong></span> <span class='ocrx_word' id='word_1_48' title='bbox 389 1289 494 1350; x_wconf 85' lang='lat' dir='ltr'><strong>Ettua</strong></span> <span class='ocrx_word' id='word_1_49' title='bbox 504 1297 715 1370; x_wconf 86' lang='lat' dir='ltr'><strong>perpetuum,</strong></span> <span class='ocrx_word' id='word_1_50' title='bbox 730 1284 844 1366; x_wconf 87' lang='lat' dir='ltr'><strong>livide,</strong></span> <span class='ocrx_word' id='word_1_51' title='bbox 869 1287 990 1347; x_wconf 84' lang='lat' dir='ltr'><strong>damna</strong></span> <span class='ocrx_word' id='word_1_52' title='bbox 1002 1303 1115 1370; x_wconf 79' lang='lat' dir='ltr'><strong>gerne·¹</strong></span> 
     </span>
    </p>
   </div>
   <div class='ocr_carea' id='block_1_3' title="bbox 548 1489 1036 1564">
    <p class='ocr_par' dir='ltr' id='par_1_3' title="bbox 548 1489 1036 1564">
     <span class='ocr_line' id='line_1_10' title="bbox 548 1489 1036 1564; baseline -0.01 0"><span class='ocrx_word' id='word_1_53' title='bbox 548 1489 1036 1564; x_wconf 47' lang='lat' dir='ltr'><strong>‘Fauuunrx</strong></span> 
     </span>
    </p>
   </div>
   <div class='ocr_carea' id='block_1_4' title="bbox 690 1664 950 1719">
    <p class='ocr_par' dir='ltr' id='par_1_4' title="bbox 690 1664 950 1719">
     <span class='ocr_line' id='line_1_11' title="bbox 690 1664 950 1719; baseline -0.015 0"><span class='ocrx_word' id='word_1_54' title='bbox 690 1664 950 1719; x_wconf 83' lang='lat' dir='ltr'><strong>VIATORES.</strong></span> 
     </span>
    </p>
   </div>
   <div class='ocr_carea' id='block_1_5' title="bbox 349 1736 1409 1908">
    <p class='ocr_par' dir='ltr' id='par_1_5' title="bbox 349 1736 1409 1908">
     <span class='ocr_line' id='line_1_12' title="bbox 349 1736 1409 1908; baseline -0.001 -23"><span class='ocrx_word' id='word_1_55' title='bbox 349 1778 549 1892; x_wconf 79' lang='lat' dir='ltr'><strong>Mourmus</strong></span> <span class='ocrx_word' id='word_1_56' title='bbox 561 1819 698 1908; x_wconf 84' lang='lat' dir='ltr'><strong>ignotis,</strong></span> <span class='ocrx_word' id='word_1_57' title='bbox 714 1822 886 1903; x_wconf 81' lang='lat' dir='ltr'>curvisque</span> <span class='ocrx_word' id='word_1_58' title='bbox 897 1821 932 1886; x_wconf 90' lang='lat' dir='ltr'><strong>in</strong></span> <span class='ocrx_word' id='word_1_59' title='bbox 944 1821 1083 1886; x_wconf 77' lang='lat' dir='ltr'><strong>vallibus</strong></span> <span class='ocrx_word' id='word_1_60' title='bbox 1100 1828 1208 1884; x_wconf 87' lang='lat' dir='ltr'><strong>artum</strong></span> <span class='ocrx_word' id='word_1_61' title='bbox 1399 1736 1409 1815; x_wconf 54' lang='lat' dir='ltr'><strong>i</strong></span> 
     </span>
    </p>
   </div>
   <div class='ocr_carea' id='block_1_6' title="bbox 347 1913 1160 2112">
    <p class='ocr_par' dir='ltr' id='par_1_6' title="bbox 347 1913 1160 2112">
     <span class='ocr_line' id='line_1_13' title="bbox 389 1913 1025 2020; baseline -0.003 -30"><span class='ocrx_word' id='word_1_62' title='bbox 389 1932 472 1991; x_wconf 87' lang='lat' dir='ltr'><strong>Cum</strong></span> <span class='ocrx_word' id='word_1_63' title='bbox 484 1913 579 1991; x_wconf 45' lang='lat' dir='ltr'><strong>socio¹</strong></span> <span class='ocrx_word' id='word_1_64' title='bbox 588 1927 722 2008; x_wconf 89' lang='lat' dir='ltr'><strong>quidam</strong></span> <span class='ocrx_word' id='word_1_65' title='bbox 735 1926 1025 2020; x_wconf 65' lang='lat' dir='ltr'><strong>suscipiebatitem</strong></span> 
     </span>
     <span class='ocr_line' id='line_1_14' title="bbox 347 2025 1160 2112; baseline -0.005 -17"><span class='ocrx_word' id='word_1_66' title='bbox 347 2033 486 2110; x_wconf 71' lang='lat' dir='ltr'><strong>Scaurus</strong></span> <span class='ocrx_word' id='word_1_67' title='bbox 498 2025 720 2110; x_wconf 84' lang='lat' dir='ltr'><strong>quodcunque</strong></span> <span class='ocrx_word' id='word_1_68' title='bbox 732 2032 855 2092; x_wconf 89' lang='lat' dir='ltr'><strong>malum</strong></span> <span class='ocrx_word' id='word_1_69' title='bbox 873 2031 1004 2092; x_wconf 83' lang='lat' dir='ltr'><strong>fortuna</strong></span> <span class='ocrx_word' id='word_1_70' title='bbox 1024 2030 1160 2112; x_wconf 84' lang='lat' dir='ltr'><strong>tulisset,</strong></span> 
     </span>
    </p>
   </div>
   <div class='ocr_carea' id='block_1_7' title="bbox 346 2134 1300 2318">
    <p class='ocr_par' dir='ltr' id='par_1_7' title="bbox 346 2134 1300 2318">
     <span class='ocr_line' id='line_1_15' title="bbox 388 2134 1026 2216; baseline 0.003 -21"><span class='ocrx_word' id='word_1_71' title='bbox 388 2136 520 2196; x_wconf 82' lang='lat' dir='ltr'><strong>Robore</strong></span> <span class='ocrx_word' id='word_1_72' title='bbox 533 2137 652 2198; x_wconf 86' lang='lat' dir='ltr'><strong>collato</strong></span> <span class='ocrx_word' id='word_1_73' title='bbox 670 2144 775 2216; x_wconf 91' lang='lat' dir='ltr'><strong>posset</strong></span> <span class='ocrx_word' id='word_1_74' title='bbox 793 2143 931 2214; x_wconf 88' lang='lat' dir='ltr'><strong>uterque</strong></span> <span class='ocrx_word' id='word_1_75' title='bbox 947 2134 1026 2216; x_wconf 89' lang='lat' dir='ltr'><strong>pati.</strong></span> 
     </span>
     <span class='ocr_line' id='line_1_16' title="bbox 346 2234 1300 2318; baseline 0.001 -20"><span class='ocrx_word' id='word_1_76' title='bbox 346 2237 499 2315; x_wconf 86' lang='lat' dir='ltr'>Dumque</span> <span class='ocrx_word' id='word_1_77' title='bbox 511 2257 570 2318; x_wconf 89' lang='lat' dir='ltr'><strong>per</strong></span> <span class='ocrx_word' id='word_1_78' title='bbox 582 2236 751 2318; x_wconf 75' lang='lat' dir='ltr'><strong>inceptum</strong></span> <span class='ocrx_word' id='word_1_79' title='bbox 767 2234 860 2296; x_wconf 83' lang='lat' dir='ltr'><strong>vario</strong></span> <span class='ocrx_word' id='word_1_80' title='bbox 872 2253 1023 2297; x_wconf 82' lang='lat' dir='ltr'><strong>sermone</strong></span> <span class='ocrx_word' id='word_1_81' title='bbox 1036 2235 1198 2318; x_wconf 83' lang='lat' dir='ltr'><strong>feruntur,</strong></span> <span class='ocrx_word' id='word_1_82' title='bbox 1281 2237 1300 2299; x_wconf 74' lang='grc'><strong>5</strong></span> 
     </span>
    </p>
   </div>
   <div class='ocr_carea' id='block_1_8' title="bbox 260 2327 1407 3368">
    <p class='ocr_par' dir='ltr' id='par_1_8' title="bbox 285 2327 1407 2738">
     <span class='ocr_line' id='line_1_17' title="bbox 386 2327 1116 2422; baseline 0.003 -22"><span class='ocrx_word' id='word_1_83' title='bbox 386 2340 426 2402; x_wconf 91' lang='lat' dir='ltr'><strong>ln</strong></span> <span class='ocrx_word' id='word_1_84' title='bbox 437 2341 577 2404; x_wconf 84' lang='lat' dir='ltr'><strong>mediam</strong></span> <span class='ocrx_word' id='word_1_85' title='bbox 590 2327 744 2422; x_wconf 86' lang='lat' dir='ltr'><strong>praeoeps</strong></span> <span class='ocrx_word' id='word_1_86' title='bbox 759 2339 911 2401; x_wconf 85' lang='lat' dir='ltr'><strong>convenit</strong></span> <span class='ocrx_word' id='word_1_87' title='bbox 929 2359 1003 2401; x_wconf 88' lang='lat' dir='ltr'><strong>ursa</strong></span> <span class='ocrx_word' id='word_1_88' title='bbox 1018 2337 1116 2402; x_wconf 86' lang='lat' dir='ltr'><strong>viam.</strong></span> 
     </span>
     <span class='ocr_line' id='line_1_18' title="bbox 285 2342 1407 2709; baseline -0.002 -201"><span class='ocrx_word' id='word_1_89' title='bbox 285 2446 287 2450; x_wconf 78' lang='grc'><strong>’</strong></span> <span class='ocrx_word' id='word_1_90' title='bbox 347 2445 476 2508; x_wconf 87' lang='lat' dir='ltr'><strong>Horum</strong></span> <span class='ocrx_word' id='word_1_91' title='bbox 488 2446 586 2522; x_wconf 86' lang='lat' dir='ltr'><strong>alter,</strong></span> <span class='ocrx_word' id='word_1_92' title='bbox 601 2443 691 2508; x_wconf 84' lang='lat' dir='ltr'><strong>facili</strong></span> <span class='ocrx_word' id='word_1_93' title='bbox 705 2446 941 2526; x_wconf 86' lang='lat' dir='ltr'><strong>comprendens</strong></span> <span class='ocrx_word' id='word_1_94' title='bbox 957 2445 1075 2507; x_wconf 88' lang='lat' dir='ltr'><strong>robora</strong></span> <span class='ocrx_word' id='word_1_95' title='bbox 1089 2463 1183 2506; x_wconf 87' lang='lat' dir='ltr'><strong>eursu</strong></span> <span class='ocrx_word' id='word_1_96' title='bbox 1189 2489 1203 2526; x_wconf 91' lang='lat'><strong>,</strong></span> <span class='ocrx_word' id='word_1_97' title='bbox 1399 2342 1407 2709; x_wconf 70' lang='grc' dir='ltr'>Ι</span> 
     </span>
     <span class='ocr_line' id='line_1_19' title="bbox 387 2546 1124 2633; baseline 0.005 -26"><span class='ocrx_word' id='word_1_98' title='bbox 387 2549 425 2608; x_wconf 93' lang='lat' dir='ltr'><strong>ln</strong></span> <span class='ocrx_word' id='word_1_99' title='bbox 439 2546 537 2608; x_wconf 87' lang='lat' dir='ltr'><strong>viridi</strong></span> <span class='ocrx_word' id='word_1_100' title='bbox 551 2547 715 2628; x_wconf 88' lang='lat' dir='ltr'><strong>trepidum</strong></span> <span class='ocrx_word' id='word_1_101' title='bbox 728 2549 844 2610; x_wconf 84' lang='lat' dir='ltr'><strong>fronde</strong></span> <span class='ocrx_word' id='word_1_102' title='bbox 858 2549 1013 2633; x_wconf 86' lang='lat' dir='ltr'><strong>pependit</strong></span> <span class='ocrx_word' id='word_1_103' title='bbox 1028 2569 1124 2613; x_wconf 87' lang='lat' dir='ltr'><strong>onus.</strong></span> 
     </span>
     <span class='ocr_line' id='line_1_20' title="bbox 346 2649 1077 2738; baseline 0.003 -26"><span class='ocrx_word' id='word_1_104' title='bbox 346 2650 407 2712; x_wconf 87' lang='lat' dir='ltr'><strong>llle</strong></span> <span class='ocrx_word' id='word_1_105' title='bbox 421 2652 550 2712; x_wconf 88' lang='lat' dir='ltr'><strong>trahens</strong></span> <span class='ocrx_word' id='word_1_106' title='bbox 571 2651 663 2712; x_wconf 89' lang='lat' dir='ltr'><strong>uullo</strong></span> <span class='ocrx_word' id='word_1_107' title='bbox 677 2649 778 2712; x_wconf 87' lang='lat' dir='ltr'><strong>iacuit</strong></span> <span class='ocrx_word' id='word_1_108' title='bbox 793 2651 929 2738; x_wconf 83' lang='lat' dir='ltr'><strong>vestigia</strong></span> <span class='ocrx_word' id='word_1_109' title='bbox 947 2673 1077 2738; x_wconf 84' lang='lat' dir='ltr'><strong>gressu,</strong></span> 
     </span>
    </p>

    <p class='ocr_par' dir='ltr' id='par_1_9' title="bbox 346 2751 1294 2949">
     <span class='ocr_line' id='line_1_21' title="bbox 387 2751 1294 2838; baseline 0.004 -24"><span class='ocrx_word' id='word_1_110' title='bbox 387 2753 578 2816; x_wconf 84' lang='lat' dir='ltr'><strong>Exanimem</strong></span> <span class='ocrx_word' id='word_1_111' title='bbox 595 2751 737 2838; x_wconf 86' lang='lat' dir='ltr'><strong>fingens,</strong></span> <span class='ocrx_word' id='word_1_112' title='bbox 753 2768 868 2836; x_wconf 81' lang='lat' dir='ltr'><strong>sponte</strong></span> <span class='ocrx_word' id='word_1_113' title='bbox 881 2756 996 2820; x_wconf 87' lang='lat' dir='ltr'><strong>relisus</strong></span> <span class='ocrx_word' id='word_1_114' title='bbox 1008 2756 1110 2818; x_wconf 86' lang='lat' dir='ltr'><strong>humi.</strong></span> <span class='ocrx_word' id='word_1_115' title='bbox 1256 2775 1294 2818; x_wconf 82' lang='grc' dir='ltr'><strong>ιο</strong></span> 
     </span>
     <span class='ocr_line' id='line_1_22' title="bbox 346 2858 1215 2949; baseline 0.001 -28"><span class='ocrx_word' id='word_1_116' title='bbox 346 2858 510 2921; x_wconf 85' lang='lat' dir='ltr'><strong>Continuo</strong></span> <span class='ocrx_word' id='word_1_117' title='bbox 526 2859 682 2941; x_wconf 81' lang='lat' dir='ltr'><strong>praedam</strong></span> <span class='ocrx_word' id='word_1_118' title='bbox 700 2859 832 2942; x_wconf 85' lang='lat' dir='ltr'><strong>cupiens</strong></span> <span class='ocrx_word' id='word_1_119' title='bbox 848 2861 915 2922; x_wconf 83' lang='lat' dir='ltr'><strong>fera</strong></span> <span class='ocrx_word' id='word_1_120' title='bbox 927 2881 1022 2924; x_wconf 83' lang='lat' dir='ltr'><strong>saeva</strong></span> <span class='ocrx_word' id='word_1_121' title='bbox 1034 2859 1193 2943; x_wconf 81' lang='lat' dir='ltr'><strong>cucurrit,</strong></span> <span class='ocrx_word' id='word_1_122' title='bbox 1212 2941 1215 2949; x_wconf 29' lang='grc' dir='ltr'><strong><em>Ι</em></strong></span> 
     </span>
    </p>

    <p class='ocr_par' dir='ltr' id='par_1_10' title="bbox 260 2949 1287 3368">
     <span class='ocr_line' id='line_1_23' title="bbox 385 2949 1135 3051; baseline 0.005 -26"><span class='ocrx_word' id='word_1_123' title='bbox 385 2967 424 3025; x_wconf 87' lang='lat' dir='ltr'><strong>Et</strong></span> <span class='ocrx_word' id='word_1_124' title='bbox 438 2963 591 3027; x_wconf 88' lang='lat' dir='ltr'><strong>miserum</strong></span> <span class='ocrx_word' id='word_1_125' title='bbox 601 2963 709 3026; x_wconf 87' lang='lat' dir='ltr'><strong>curvis</strong></span> <span class='ocrx_word' id='word_1_126' title='bbox 723 2966 888 3051; x_wconf 84' lang='lat' dir='ltr'><strong>unguibus</strong></span> <span class='ocrx_word' id='word_1_127' title='bbox 901 2958 976 3029; x_wconf 81' lang='lat' dir='ltr'><strong>ante</strong></span> <span class='ocrx_word' id='word_1_128' title='bbox 989 2969 1084 3029; x_wconf 88' lang='lat' dir='ltr'><strong>levat.</strong></span> <span class='ocrx_word' id='word_1_129' title='bbox 1131 2949 1135 2957; x_wconf 39' lang='lat'><strong><em>¹</em></strong></span> 
     </span>
     <span class='ocr_line' id='line_1_24' title="bbox 345 3071 1191 3154; baseline -0.001 -18"><span class='ocrx_word' id='word_1_130' title='bbox 345 3074 470 3136; x_wconf 86' lang='lat' dir='ltr'><strong>Verum</strong></span> <span class='ocrx_word' id='word_1_131' title='bbox 480 3072 538 3134; x_wconf 92' lang='lat' dir='ltr'><strong>ubi</strong></span> <span class='ocrx_word' id='word_1_132' title='bbox 549 3085 701 3135; x_wconf 79' lang='lat' dir='ltr'><strong>concreto</strong></span> <span class='ocrx_word' id='word_1_133' title='bbox 712 3071 881 3154; x_wconf 82' lang='lat' dir='ltr'><strong>riguerunt</strong></span> <span class='ocrx_word' id='word_1_134' title='bbox 896 3077 1040 3136; x_wconf 90' lang='lat' dir='ltr'><strong>membra</strong></span> <span class='ocrx_word' id='word_1_135' title='bbox 1056 3074 1191 3154; x_wconf 88' lang='lat' dir='ltr'><strong>timore,</strong></span> 
     </span>
     <span class='ocr_line' id='line_1_25' title="bbox 260 3176 1128 3260; baseline 0.008 -27"><span class='ocrx_word' id='word_1_136' title='bbox 260 3217 263 3233; x_wconf 86' lang='lat'>.</span> <span class='ocrx_word' id='word_1_137' title='bbox 335 3188 338 3197; x_wconf 73' lang='lat'><em>&#39;</em></span> <span class='ocrx_word' id='word_1_138' title='bbox 385 3176 489 3258; x_wconf 89' lang='lat' dir='ltr'><strong>(Nam</strong></span> <span class='ocrx_word' id='word_1_139' title='bbox 507 3176 619 3240; x_wconf 91' lang='lat' dir='ltr'><strong>solitus</strong></span> <span class='ocrx_word' id='word_1_140' title='bbox 636 3176 751 3239; x_wconf 88' lang='lat' dir='ltr'><strong>mentis</strong></span> <span class='ocrx_word' id='word_1_141' title='bbox 763 3176 903 3256; x_wconf 81' lang='lat' dir='ltr'><strong>liquerat</strong></span> <span class='ocrx_word' id='word_1_142' title='bbox 919 3200 989 3242; x_wconf 90' lang='lat' dir='ltr'><strong>ossa</strong></span> <span class='ocrx_word' id='word_1_143' title='bbox 1003 3180 1128 3260; x_wconf 59' lang='lat' dir='ltr'><strong>calon)</strong></span> 
     </span>
     <span class='ocr_line' id='line_1_26' title="bbox 345 3284 1287 3368; baseline 0.004 -24"><span class='ocrx_word' id='word_1_144' title='bbox 345 3285 439 3344; x_wconf 86' lang='lat' dir='ltr'><strong>Tunc</strong></span> <span class='ocrx_word' id='word_1_145' title='bbox 451 3284 575 3348; x_wconf 88' lang='lat' dir='ltr'><strong>olidum</strong></span> <span class='ocrx_word' id='word_1_146' title='bbox 590 3289 740 3367; x_wconf 87' lang='lat' dir='ltr'><strong>credens,</strong></span> <span class='ocrx_word' id='word_1_147' title='bbox 753 3287 902 3368; x_wconf 89' lang='lat' dir='ltr'><strong>quamvis</strong></span> <span class='ocrx_word' id='word_1_148' title='bbox 913 3289 1038 3368; x_wconf 83' lang='lat' dir='ltr'><strong>ieiuna,</strong></span> <span class='ocrx_word' id='word_1_149' title='bbox 1050 3290 1202 3368; x_wconf 86' lang='lat' dir='ltr'><strong>cadaver,</strong></span> <span class='ocrx_word' id='word_1_150' title='bbox 1250 3286 1287 3348; x_wconf 78' lang='lat'><strong>25</strong></span> 
     </span>
    </p>
   </div>
   <div class='ocr_carea' id='block_1_9' title="bbox 344 3381 1140 3572">
    <p class='ocr_par' dir='ltr' id='par_1_11' title="bbox 344 3381 1140 3572">
     <span class='ocr_line' id='line_1_27' title="bbox 385 3381 1042 3468; baseline 0.015 -28"><span class='ocrx_word' id='word_1_151' title='bbox 385 3381 527 3454; x_wconf 86' lang='lat' dir='ltr'><strong>Deserit,</strong></span> <span class='ocrx_word' id='word_1_152' title='bbox 542 3393 572 3441; x_wconf 86' lang='lat' dir='ltr'><strong>et</strong></span> <span class='ocrx_word' id='word_1_153' title='bbox 587 3385 694 3446; x_wconf 90' lang='lat' dir='ltr'><strong>lustris</strong></span> <span class='ocrx_word' id='word_1_154' title='bbox 711 3388 862 3468; x_wconf 80' lang='lat' dir='ltr'><strong>conditur</strong></span> <span class='ocrx_word' id='word_1_155' title='bbox 878 3409 950 3450; x_wconf 84' lang='lat' dir='ltr'><strong>ursa</strong></span> <span class='ocrx_word' id='word_1_156' title='bbox 967 3388 1042 3452; x_wconf 86' lang='lat' dir='ltr'><strong>suis.</strong></span> 
     </span>
     <span class='ocr_line' id='line_1_28' title="bbox 344 3482 1140 3572; baseline 0.015 -29"><span class='ocrx_word' id='word_1_157' title='bbox 344 3483 406 3544; x_wconf 82' lang='lat' dir='ltr'><strong>Sed</strong></span> <span class='ocrx_word' id='word_1_158' title='bbox 418 3501 491 3542; x_wconf 87' lang='lat' dir='ltr'><strong>cunr</strong></span> <span class='ocrx_word' id='word_1_159' title='bbox 504 3482 608 3540; x_wconf 86' lang='lat' dir='ltr'><strong>securi</strong></span> <span class='ocrx_word' id='word_1_160' title='bbox 623 3487 778 3563; x_wconf 90' lang='lat' dir='ltr'><strong>paulatim</strong></span> <span class='ocrx_word' id='word_1_161' title='bbox 797 3487 832 3550; x_wconf 94' lang='lat' dir='ltr'><strong>in</strong></span> <span class='ocrx_word' id='word_1_162' title='bbox 849 3491 947 3550; x_wconf 81' lang='lat' dir='ltr'><strong>rerba</strong></span> <span class='ocrx_word' id='word_1_163' title='bbox 964 3490 1140 3572; x_wconf 85' lang='lat' dir='ltr'><strong>redissent,</strong></span> 
     </span>
    </p>
   </div>
   <div class='ocr_carea' id='block_1_10' title="bbox 294 3583 1284 3885">
    <p class='ocr_par' dir='ltr' id='par_1_12' title="bbox 294 3583 1284 3885">
     <span class='ocr_line' id='line_1_29' title="bbox 383 3583 1020 3680; baseline 0.017 -33"><span class='ocrx_word' id='word_1_164' title='bbox 383 3584 532 3647; x_wconf 89' lang='lat' dir='ltr'><strong>Liberior</strong></span> <span class='ocrx_word' id='word_1_165' title='bbox 543 3583 644 3667; x_wconf 89' lang='lat' dir='ltr'><strong>iusto,</strong></span> <span class='ocrx_word' id='word_1_166' title='bbox 662 3589 719 3668; x_wconf 89' lang='lat' dir='ltr'><strong>qui</strong></span> <span class='ocrx_word' id='word_1_167' title='bbox 734 3591 796 3653; x_wconf 82' lang='lat' dir='ltr'><strong>fuit</strong></span> <span class='ocrx_word' id='word_1_168' title='bbox 811 3605 886 3655; x_wconf 87' lang='lat' dir='ltr'><strong>ante</strong></span> <span class='ocrx_word' id='word_1_169' title='bbox 903 3595 1020 3680; x_wconf 83' lang='lat' dir='ltr'><strong>fugax:</strong></span> 
     </span>
     <span class='ocr_line' id='line_1_30' title="bbox 294 3689 1156 3787; baseline 0.01 -34"><span class='ocrx_word' id='word_1_170' title='bbox 294 3703 303 3734; x_wconf 74' lang='lat'><strong><em>⁹</em></strong></span> <span class='ocrx_word' id='word_1_171' title='bbox 341 3690 419 3769; x_wconf 91' lang='lat' dir='ltr'><strong>Dic,</strong></span> <span class='ocrx_word' id='word_1_172' title='bbox 432 3692 543 3771; x_wconf 85' lang='lat' dir='ltr'><strong>sodes,</strong></span> <span class='ocrx_word' id='word_1_173' title='bbox 557 3689 712 3770; x_wconf 82' lang='lat' dir='ltr'><strong>quidnam</strong></span> <span class='ocrx_word' id='word_1_174' title='bbox 727 3696 854 3778; x_wconf 86' lang='lat' dir='ltr'><strong>trepido</strong></span> <span class='ocrx_word' id='word_1_175' title='bbox 866 3699 925 3761; x_wconf 89' lang='lat' dir='ltr'><strong>tihi</strong></span> <span class='ocrx_word' id='word_1_176' title='bbox 937 3700 1048 3762; x_wconf 83' lang='lat' dir='ltr'><strong>retulit</strong></span> <span class='ocrx_word' id='word_1_177' title='bbox 1060 3700 1156 3787; x_wconf 76' lang='lat' dir='ltr'><strong>ursa?</strong></span> 
     </span>
     <span class='ocr_line' id='line_1_31' title="bbox 380 3798 1284 3885; baseline 0.012 -25"><span class='ocrx_word' id='word_1_178' title='bbox 380 3801 463 3860; x_wconf 85' lang='lat' dir='ltr'><strong>Nam</strong></span> <span class='ocrx_word' id='word_1_179' title='bbox 474 3809 596 3862; x_wconf 85' lang='lat' dir='ltr'><strong>secreta</strong></span> <span class='ocrx_word' id='word_1_180' title='bbox 608 3798 681 3884; x_wconf 90' lang='lat' dir='ltr'><strong>diu,</strong></span> <span class='ocrx_word' id='word_1_181' title='bbox 697 3805 865 3885; x_wconf 86' lang='lat' dir='ltr'><strong>multaque</strong></span> <span class='ocrx_word' id='word_1_182' title='bbox 879 3809 979 3872; x_wconf 78' lang='lat' dir='ltr'><strong>verba</strong></span> <span class='ocrx_word' id='word_1_183' title='bbox 992 3804 1091 3870; x_wconf 84' lang='lat' dir='ltr'><strong>dedit.</strong></span> <span class='ocrx_word' id='word_1_184' title='bbox 1246 3823 1284 3866; x_wconf 81' lang='lat' dir='ltr'><strong>m</strong></span> 
     </span>
    </p>
   </div>
   <div class='ocr_carea' id='block_1_11' title="bbox 0 0 1428 4792">
    <p class='ocr_par' dir='ltr' id='par_1_13' title="bbox 0 0 1428 4792">
     <span class='ocr_line' id='line_1_32' title="bbox 0 0 1428 4792; baseline 0 1"><span class='ocrx_word' id='word_1_185' title='bbox 0 0 1428 4792; x_wconf 95' lang='lat' dir='ltr'><strong> </strong></span> 
     </span>
    </p>
   </div>
  </div>
 </body>
</html>
