2750 4782
352 433 409 499 ¹9²
571 420 579 437 '
643 411 831 474 PUBLII
870 411 995 476 SYRi
1159 419 1298 498 v.819.

343 556 493 638 Nescius,
503 554 584 638 quid
595 565 701 637 optes,
714 562 770 616 eut
782 552 864 632 quid
873 552 992 638 fugias:
1011 553 1057 614 ita
1070 555 1169 618 ludit
1180 557 1279 621 dies.

342 665 451 728 Nescit
461 663 489 726 is
501 675 635 739 nocere,
651 657 712 740 qui·
720 676 840 722 nocere
850 657 935 719 velle
947 657 1105 752 perdidit.

343 771 386 834 Ni
400 771 520 855 gradus
529 776 691 845 servetur,
707 761 792 827 nulli
803 772 891 825 tutus
904 773 951 825 est
963 769 1112 827 suminus
1124 761 1250 830 Iocus.

343 879 398 942 Nil
411 879 542 961 prodest
554 877 638 937 hene
651 869 819 949 didicisse,
834 870 941 932 facere
956 869 985 930 si
999 889 1100 934 cesses
1118 874 1232 936 bene.

343 983 398 1047 Nil
407 979 543 1044 mtion'ss
550 987 613 1060 est,
627 960 754 1039 ubires
763 976 864 1059 semel
877 975 914 1036 in
929 970 1082 1038 affectum
1092 977 1209 1040 venit.

245 1103 249 1116 '
341 1067 498 1151 Nondum
509 1083 590 1148 felix
598 1103 650 1163 es,
661 1081 689 1144 si
702 1081 850 1166 nonduin
865 1077 962 1140 turba
979 1086 1011 1140 te
1025 1078 1199 1144 deriserit⁷

278 1251 281 1258 ,
342 1194 418 1254 Νοιι
428 1190 523 1253 aliter
534 1185 670 1250 rivesin
682 1180 873 1260 solitudine,
889 1177 986 1242 aliter
999 1178 1035 1242 in
1050 1181 1138 1244 foro.

344 1295 556 1375 Nulli,quae
565 1291 685 1354 multos
695 1281 953 1367 amicosreeipit,
963 1294 1102 1370 angusta
1110 1295 1165 1349 est
1173 1289 1307 1352 domus.

344 1403 441 1464 Nulla
450 1410 516 1464 tam
525 1403 612 1462 bona
622 1406 668 1460 est
678 1397 822 1472 tortum,
832 1393 947 1472 deque
958 1391 1117 1475 nilpossis
1126 1398 1247 1476 queri.

342 1509 508 1586 Nusquam
517 1503 635 1568 melius
643 1498 970 1602 morimurhemines,
979 1503 1148 1582 quamubi
1158 1504 1303 1569 libenter

631 1664 636 1670 ,
863 1621 1013 1664 reximus.

311 1772 312 1778 ,
344 1709 522 1796 obiurgari
530 1709 568 1772 in
577 1705 776 1790 calamitate,
785 1706 918 1794 gravius
929 1715 992 1788 est,
1005 1729 1106 1788 quam
1116 1713 1295 1776 calamites·

342 1817 429 1881 Odio
438 1823 567 1900 oportet
575 1824 613 1878 ut
622 1813 782 1897 peccandi
790 1813 904 1895 facias,
917 1831 985 1876 non
998 1825 1105 1894 metu,
1120 1818 1260 1880 bonum.

343 1925 482 2004 Omnes,
496 1923 598 1984 vitam
612 1916 813 2001 differentes,
826 1939 914 1984 mors
926 1920 1049 1983 ineerta
1060 1925 1248 2004 praevenit.
1341 1974 1347 2009 ,

343 2027 476 2110 Optime
487 2025 630 2110 positum
638 2033 684 2092 est
695 2021 909 2104 beneficium,
921 2022 981 2085 ubi
990 2013 1059 2086 eius
1073 2027 1245 2108 meminit,

572 2203 574 2208 Α
613 2195 615 2202 ,
862 2126 1062 2210 quiaeeipir.
1237 2135 1289 2194 8³2

341 2229 512 2312 Optimum
525 2235 573 2291 est
587 2230 679 2309 sequi
690 2228 845 2309 maiores,
858 2239 944 2292 reete
956 2230 985 2292 si
998 2231 1248 2313 praecesserint.

341 2332 482 2401 Pecunia
490 2342 536 2394 est
544 2332 713 2416 ancilia,si
724 2318 786 2397 scis
796 2332 863 2409 uti,
877 2331 1034 2413 sinescis,
1046 2333 1182 2396 domina
1195 2345 1254 2398 est.

292 2435 300 2454 ‘
340 2438 505 2520 Plerique,
514 2437 574 2500 uhi
582 2438 656 2502 aliis
666 2438 1012 2520 maledicunt,faciunt
1021 2437 1210 2502 convicium
1219 2441 1288 2505 sibi.

340 2540 544 2624 Principium
554 2553 601 2606 est
609 2541 806 2624 discordiae,
815 2563 856 2604 ex
869 2541 1038 2604 communi
1046 2542 1153 2606 faeere
1161 2563 1247 2625 pro-

860 2649 982 2730 prium.

337 2748 529 2814 Proximum
542 2757 629 2814 tenet
644 2752 755 2820 locum
772 2748 932 2812 confessio
944 2747 1162 2812 innocentiae.

311 2901 312 2907 κ
339 2859 470 2939 Quanto
479 2853 582 2918 serius
591 2862 858 2937 peccatur,tanto
869 2853 1025 2936 incipitur
1035 2841 1173 2936 turpius.

339 2960 447 3043 Quem
455 2963 545 3022 bono
553 2971 662 3022 tenere
672 2978 740 3022 non
748 2957 909 3040 potueris,
927 2959 1017 3020 hune
1027 2969 1134 3020 teneas
1143 2959 1247 3040 melo.
1350 3021 1351 3024 ,

339 3047 1283 3146 Quidquideetptus,quamneeesse‚possidentesdeprimit.
1350 3051 1351 3116 j

339 3163 428 3247 Quid
437 3167 549 3249 refert,
561 3179 719 3248 quantum
727 3167 866 3231 habeas?
881 3165 986 3226 multo
997 3163 1082 3242 illud
1092 3165 1167 3244 plus
1180 3174 1242 3246 est,

683 3265 685 3276 ’
859 3276 948 3355 quod
958 3292 1026 3336 non
1034 3276 1143 3342 hebes.

256 3377 260 3393 '
337 3373 482 3461 Regibus
490 3381 583 3460 peius
596 3393 642 3446 est
653 3385 774 3464 multo,
788 3403 886 3464 quem
896 3382 975 3465 ipsis
984 3380 1210 3446 servientibus.

336 3481 401 3542 Res
413 3480 499 3542 bone
509 3495 570 3561 est,
588 3505 655 3546 non
667 3486 845 3568 exstirpare
853 3491 1041 3566 sceleratos,
1051 3487 1107 3548 sed
1116 3487 1249 3548 seelera.

215 3623 222 3636 ·
335 3590 527 3654 Ridiculum
536 3603 596 3674 est,
611 3592 687 3655 odio
698 3596 844 3660 nocentis
851 3596 988 3678 perdere
996 3591 1225 3656 innocentiam.

335 3701 437 3782 Saepe
451 3701 668 3784 dissimulare,
679 3709 842 3784 quem.vet
852 3703 982 3782 ulcisci,
999 3702 1098 3766 satius
1107 3701 1177 3763 tuit.

336 3803 638 3894 Saepiuslocutum,
650 3829 836 3896 nunquam,
850 3829 904 3878 me
916 3807 1069 3890 tacuisse,
1082 3802 1234 3889 poenitet.
