2848 4792
485 397 687 496 moun
726 431 793 497 1v.
1071 435 1106 496 n

149 583 270 665 Turpe
287 577 492 644 aestimantes
501 573 628 655 aliquid
642 572 851 656 commissum
868 593 889 636 a
905 573 971 638 suis
977 619 987 662 ,
1069 576 1103 636 15

151 689 234 750 Post
250 685 384 766 aliquod
398 693 524 764 tempus
539 680 620 744 alios
634 679 782 754 adscribi,
793 678 916 742 iubent.

151 793 286 853 Rumor
297 791 420 878 legatos
435 783 619 868 superiores
638 783 793 866 prodidit.

94 887 98 894 “
151 893 322 962 Timentes
336 909 447 952 rursus
459 885 586 967 aliquid
601 906 643 948 ne
658 885 765 947 simile
782 883 925 967 accidat,

152 994 267 1056 Odore
281 992 415 1056 canibus
426 1010 544 1069 anum,
554 990 612 1052 sed
625 989 746 1068 multo,
760 990 905 1071 replent,

150 1097 310 1160 Mandata
323 1095 422 1156 dant:
439 1089 539 1177 legati
554 1088 739 1169 mittuntur,
755 1089 865 1152 statim
941 1081 943 1086 ’
1064 1109 1102 1153 so

60 1201 62 1204 ’
148 1199 294 1259 Abeunt.
310 1183 474 1284 Rogantes
487 1194 627 1274 aditum,
646 1192 801 1256 continuo
818 1192 1004 1277 impetrant.

148 1300 309 1362 Consedit
319 1299 452 1386 genitor.
462 1309 530 1363 tum
540 1302 686 1363 Deorum
700 1297 876 1381 maximus,

146 1409 355 1490 Quassatque
366 1408 510 1470 fulmen:
528 1418 664 1470 tremere
676 1425 811 1490 coepere
823 1407 946 1470 omnia.

145 1513 258 1572 Canes
275 1511 421 1594 confusi,
440 1510 565 1575 subitus
581 1514 670 1592 quod
686 1511 790 1574 fuerat
804 1501 932 1598 fragor,

142 1615 297 1695 Repente
310 1615 445 1676 odorem
457 1613 596 1676 mixtum
610 1635 684 1676 curn
699 1613 817 1678 merdis
831 1623 952 1692 cacpnt.
1060 1614 1097 1678 2⁵

142 1720 341 1782 Reclamant
358 1739 488 1803 omnes,
502 1720 736 1784 vindicandam
752 1719 917 1784 iniuriam.

142 1823 199 1884 Sic
210 1830 259 1883 est
270 1823 397 1886 locutus
408 1831 484 1886 aute
496 1841 637 1903 poenam
653 1822 795 1903 Iupiter:

141 1927 287 2010 Legatos
300 1945 368 1988 uon
383 1935 430 1986 est
447 1924 533 2009 regis
544 1944 612 1986 non
625 1923 806 2008 dimittere,

143 2032 216 2092 Nec
232 2038 279 2091 est
289 2027 434 2107 difficile,
453 2047 575 2111 poenas
588 2030 705 2110 eulpae
718 2027 899 2110 imponere·

142 2136 222 2196 Non
233 2143 308 2198 veto
325 2135 459 2216 dimitti,
475 2133 863 2214 verumcruciariiame,
1058 2135 1098 2194 ao

142 2238 194 2300 Ne
210 2247 358 2300 ventrem
372 2238 537 2303 continere
552 2259 621 2326 qon
634 2236 758 2319 possint
770 2257 876 2314 suum.

142 2345 186 2404 En
201 2343 264 2405 hoc
278 2342 387 2408 feretis
403 2363 464 2424 pro
479 2343 604 2406 iudicio
623 2343 824 2426 praemium.

141 2445 201 2509 Illi
218 2454 341 2524 autem,
361 2443 419 2524 qui
432 2445 591 2509 miserunt
607 2465 665 2508 vos
683 2419 884 2525 adsimiles,
918 2471 923 2484 .

141 2556 321 2632 Nunquam
336 2535 494 2615 carebunt
508 2547 653 2614 hominis
668 2549 879 2612 contumelia.

140 2663 193 2722 Ita
206 2680 294 2751 nune
305 2660 428 2744 legatos
439 2666 627 2752 exspectant
642 2667 674 2721 et
690 2657 822 2741 posteri.
1056 2654 1094 2717 36

63 2792 68 2801 ‘
140 2763 274 2828 Novum
288 2761 402 2826 venire
420 2763 478 2844 qui
494 2761 603 2845 videt,
623 2763 735 2826 culum
747 2760 869 2826 olfacit.

325 2975 884 3059 -rnaocnxvui

372 3149 517 3203 nono
545 3151 601 3202 ur
627 3140 864 3206 coisnon.

143 3262 243 3402 Qui
253 3305 315 3370 fert
328 3282 617 3390 malisauxilium,
634 3318 710 3393 post
720 3318 846 3393 tempus
856 3309 954 3392 dolet.
989 3313 991 3321 ’

80 3395 83 3404 ’
108 3499 110 3503 ,
182 3409 265 3472 Gelu
280 3409 443 3496 rigentem
453 3413 588 3495 quidam
602 3399 780 3476 Colubram
793 3411 938 3508 sustulit,

142 3511 287 3594 Sinuque
297 3517 394 3598 fovit,
410 3529 525 3584 contra
537 3541 571 3584 se
587 3520 657 3603 ipse'
675 3508 869 3582 misericors.

142 3615 290 3696 Namque
300 3628 337 3686 ut
351 3622 469 3684 reiecta
479 3633 541 3703 est,
556 3615 663 3688 necuit
677 3624 844 3686 hominem
855 3621 1014 3706 protinus.

143 3716 237 3778 Hanc
248 3718 311 3780 alia
325 3741 400 3784 cum
411 3733 542 3809 rogaret
551 3745 680 3790 causam
689 3725 859 3808 facinoris,
1042 3725 1047 3738 '
1071 3727 1088 3786 5

141 3821 340 3904 Respondit:
358 3827 406 3888 Ne
416 3824 490 3910 quis
502 3824 604 3890 discat
616 3831 769 3912 prodesse
782 3826 949 3916 improbis.
