2750 4782
870 493 875 500 ⁵
989 417 1080 482 165·

221 720 278 834 P.
341 713 997 894 sunrurnr

279 951 341 1012 ET
360 951 595 1013 ALIORUM
615 951 856 1016 VETERUM

139 1089 987 1278 seuruurrue

449 1403 682 1424 ψ-ή

75 1572 140 1692 Α
160 1646 271 1692 nourr
284 1648 414 1712 semper
424 1629 576 1694 homines
594 1633 787 1696 tantundem
800 1632 965 1696 anuum·
979 1687 989 1710 ,

76 1731 135 1791 Ab
153 1731 220 1792 alio
235 1743 418 1814 exspectes3
431 1733 526 1797 alteri
539 1739 629 1814 quod
642 1737 768 1800 feceris.
842 1709 847 1728 ἱ
985 1711 994 1730 ⁶

79 1839 136 1898 Ab
152 1849 283 1901 amante
300 1820 447 1903 laciimis
463 1841 604 1902 redimas
619 1831 839 1904 iracundiam(

81 1945 262 2005 Absentem
275 1943 391 2025 laedit,
407 1966 483 2008 cum
495 1943 587 2006 ebrio
604 1944 662 2024 qui
679 1945 797 2030 litigat.

82 2050 369 2116 Adcalar'uitatem
385 2051 524 2132 quilibet
538 2071 653 2112 rumor
670 2053 768 2114 valet.

84 2151 140 2214 Ad
157 2152 394 2236 poenitendum
412 2163 582 2239 properat,
598 2153 662 2217 cito
674 2154 732 2235 qui
743 2152 876 2244 iudicat.

85 2257 140 2318 Ad
155 2257 278 2321 tristem
292 2269 418 2341 partem
434 2268 566 2322 strenua
580 2266 627 2322 est
641 2257 793 2341 suspicio.

87 2363 228 2426 Adulter
245 2372 292 2442 est
312 2363 423 2427 uxoris
438 2375 564 2428 amator
581 2364 699 2428 acrior.

87 2459 151 2530 Aes
164 2465 346 2529 debitorem
361 2469 450 2544 leve3
469 2489 589 2554 grave,
602 2460 775 2531 inimicum
790 2467 878 2534 facit.

89 2573 184 2638 Aitas
196 2575 370 2638 cinaedum
383 2577 483 2658 celat,
500 2583 588 2640 aetas
604 2576 738 2640 indicat.
1007 2595 1045 2640 ro

90 2685 242 2758 Alienum
261 2685 373 2764 nobis,
388 2694 536 2748 nostrum
549 2688 624 2768 plus
642 2685 722 2772 aliis,
733 2686 850 2768 placet.

89 2791 243 2854 Alienum
257 2811 310 2855 aes
323 2790 452 2869 homini
469 2791 616 2882 ingenuo
632 2793 748 2852 acerba
766 2789 913 2854 servitus.
1018 2777 1021 2788 ⁵

90 2895 243 2958 Alienum
260 2905 307 2960 est
325 2917 439 2978 omne,
458 2893 619 2978 quidquid
631 2896 775 2978 optando
790 2894 910 2957 evenit.

91 2999 231 3062 Alterius
243 3002 418 3081 damnum,
438 2999 599 3086 gaudium
611 2999 701 3062 haud
714 2997 814 3060 facias
832 3004 935 3060 tuum.
981 3005 985 3012 '

92 3110 211 3168 Amans
222 3103 321 3170 iratus
334 3085 606 3176 multameutitur
618 3101 692 3167 sibi.
706 3101 709 3108 ⁴
795 3115 797 3122 ’

93 3212 212 3270 Amans
224 3199 304 3288 quid
318 3206 443 3290 cupiat,
456 3207 532 3270 scit:
551 3200 633 3292 quid
644 3203 770 3288 sapiat,
787 3223 855 3266 nou
873 3200 974 3264 videt.

95 3313 213 3374 Amans
224 3312 314 3392 quod
330 3309 527 3393 suspicatur,
549 3308 691 3394 'vigilans
704 3307 855 3374 somniat.

96 3418 212 3478 Amans
225 3417 286 3503 ita,
301 3427 338 3480 ut
352 3419 423 3498 fax,
437 3417 593 3504 agitando
614 3414 754 3480 ardescit
771 3413 886 3500 magis.

97 3521 211 3580 Amare
222 3527 389 3600 etsapere,
409 3521 465 3584 vix
480 3524 551 3584 Deo
567 3520 768 3584 conceditur.

100 3623 214 3682 Amare
228 3619 340 3684 iuveni
355 3623 477 3688 fructus
489 3635 563 3710 ests
576 3625 700 3700 crimen
718 3621 799 3686 seni.

99 3726 240 3788 Amantis
252 3726 480 3791 iusiurandum
495 3752 634 3813 poenam
652 3749 720 3792 non
732 3729 844 3792 habeb
1014 3796 1020 3804 ,
1069 3757 1071 3764 ’

101 3827 283 3891 Amantium
299 3829 366 3914 ira,
382 3830 502 3900 amoris
516 3831 691 3920 integratio
713 3838 769 3892 est.
887 3807 894 3822 .
