2910 4786
290 365 294 374 “
407 439 412 446 ‚
516 351 720 424 VITA»
977 370 1094 426 xxvrr

141 517 198 590 lus
214 519 369 603 animur,
391 537 475 588 eum
491 515 536 586 ad
561 514 758 588 scribendas
777 513 910 590 fabular
931 517 1096 592 circitarre
1194 555 1198 564 ·

141 629 301 715 videtur,
325 630 638 720 quemadmodum
662 655 683 702 e
706 631 827 701 multia
847 635 1013 724 opusculi
1039 634 1094 706 sui

139 739 225 810 locis
242 739 440 812 luculenter
466 757 619 833 apparet.
642 736 699 811 Sic
718 738 939 812 scribitProl.
959 741 1024 812 lib.
1047 741 1091 814 ll.

144 869 174 921 u.
194 873 226 941 3.
284 901 290 916 .

188 959 258 1031 Nec
279 957 548 1056 aliudquidquom
565 957 972 1057 persolellasquotrr'tur.

187 1065 298 1178 Quom
311 1069 496 1159 corrigatur
507 1091 596 1157 error
609 1083 645 1136 ut
660 1067 853 1138 mortalium.
928 1157 934 1182 k

140 1173 208 1248 Sed
230 1179 319 1248 l’rol.
335 1177 396 1248 lib.
409 1177 435 1247 Ι.
451 1201 482 1268 3.
500 1201 531 1266 4.

59 1371 66 1384 ,
187 1285 320 1384 Duplex
333 1283 433 1356 libelli
449 1285 503 1354 dor
523 1301 591 1354 ert:
606 1283 689 1381 quod
699 1285 799 1356 risum
815 1304 941 1366 novet.

187 1395 231 1464 Et
253 1395 335 1492 quod
345 1396 500 1494 prudenti
512 1399 612 1468 vitum
627 1395 755 1468 consilio
767 1416 878 1468 mouet.

140 1501 286 1609 Quibus
294 1505 452 1600 adiungo
467 1507 588 1576 locum
604 1503 693 1574 Ptol.
710 1503 769 1574 lll-
786 1527 842 1600 49.
856 1503 912 1595 5'0.
989 1516 994 1526 '

188 1615 393 1711 Nequ'eenim
406 1633 519 1688 notun
529 1614 673 1708 singulos
684 1639 771 1706 urens
787 1632 835 1688 ert
848 1615 950 1695 milri.

137 1811 139 1816 ι
192 1721 304 1794 Verum
315 1727 419 1824 ipsum
431 1724 532 1796 uitam
547 1743 579 1795 et
593 1749 695 1796 mures
708 1724 867 1798 uminum
880 1723 1050 1798 ostenden.

137 1827 222 1902 Huc
246 1855 396 1924 quoque
423 1831 672 1917 referendum,
695 1833 796 1924 quod
821 1830 928 1904 habet
948 1831 1027 1904 Lib.
1050 1828 1095 1901 ll.

137 1937 209 2008 fab.
225 1958 264 2011 v.
282 1963 316 2029 5.
335 1941 381 2014 de
394 1942 617 2014 ardalionum
638 1939 804 2030 natione,
824 1943 937 2016 multa
953 1937 1093 2040 agendo

136 2049 227 2121 nihil
240 2067 384 2150 agente:
449 2053 452 2058 ’

185 2155 284 2229 Hunc
297 2159 482 2236 meudun.
505 2164 536 2230 si
556 2177 663 2232 tamen
683 2183 830 2258 possum,
845 2158 924 2230 uolo.

96 2255 103 2267 ’
135 2263 179 2335 In
194 2289 270 2357 quo
285 2283 404 2338 tamen
417 2270 559 2358 studio,
587 2295 703 2340 mores
717 2271 905 2341 hominum
921 2256 1095 2368 corrigen-

140 2371 197 2457 di,
218 2372 311 2442 iusto
332 2373 497 2446 audacior
515 2394 550 2446 et
571 2399 698 2468 parum
716 2393 837 2446 cautus
850 2373 1093 2468 providusque

137 2477 260 2564 scrisse,
283 2495 319 2550 et
334 2479 467 2552 urbem
486 2483 732 2574 principesque
756 2480 870 2551 nimio
891 2482 961 2550 sale
986 2477 1094 2549 defri-

136 2589 247 2658 cuisse
262 2588 442 2682 putandus
458 2607 518 2660 est.
584 2614 649 2660 uae
659 2614 743 2660 cum
758 2591 804 2659 ita
815 2589 902 2674 sint,
923 2583 1096 2679 equidem·
1236 2651 1238 2658 ,

135 2697 251 2768 nolim
268 2697 486 2769 contendere
514 2721 597 2773 cum
616 2697 816 2785 Schellem,
844 2699 993 2792 primam
1014 2693 1093 2768 scri·

134 2805 338 2878 bendarum
356 2805 555 2877 fabularum
572 2831 710 2880 causam
724 2806 825 2876 fuisse
839 2805 1090 2890 calamilatem,

135 2915 176 2986 in
205 2939 314 3006 quarn
346 2914 432 2986 odio
458 2934 495 2988 et
519 2917 765 3012 persecutione
790 2911 904 2987 Seiani
928 2913 1091 2987 lnciderit
1200 2994 1204 3002 ¹

135 3022 331 3109 Phaedrus3
347 3019 433 3124 qui,
447 3047 529 3096 cum
543 3027 575 3096 ei
589 3049 664 3098 non
672 3023 809 3096 licuerit
818 3041 956 3118 aperte,
971 3023 1019 3094 ob
1029 3023 1090 3093 ad·

134 3132 324 3206 versarium
334 3149 539 3226 potentem,
553 3135 691 3206 occulte
699 3135 821 3204 saltem
835 3133 943 3204 etsub
954 3133 1092 3204 involu-

135 3241 200 3312 cris
215 3241 414 3314 fabularum
427 3243 605 3316 fortunam
623 3267 822 3339 exponere,
843 3239 1089 3340 depingendo·

136 3374 211 3442 que
226 3375 339 3422 mores
351 3351 424 3424 eius
436 3371 471 3424 et
487 3349 634 3451 flagitia,
650 3355 749 3424 velut
764 3351 937 3424 ultionem
949 3375 1088 3424 sumere

136 3459 182 3536 de
199 3462 295 3553 ipso,
315 3483 425 3554 seque
444 3464 614 3532 consolari
636 3460 682 3532 sic
701 3463 898 3556 susceperit.
922 3462 973 3535 lta
990 3463 1107 3536 eninv

135 3570 302 3668 intelligit
323 3575 443 3644 locum
461 3573 553 3646 Prol.
569 3571 646 3644 Lib.
665 3573 723 3643 111.
741 3599 812 3668 34·
824 3597 881 3664 40.
898 3571 968 3646 Sed
991 3595 1089 3648 ante-

138 3681 298 3752 cedentia
321 3679 475 3772 docent,
511 3705 596 3754 vero
619 3705 692 3752 esse
713 3675 954 3768 simillimum,
981 3681 1088 3755 Phae·

142 3787 249 3859 drurn
272 3789 441 3884 demum,
463 3789 611 3866 duobus
628 3789 803 3890 prioribus
825 3787 1025 3864 fabularum
1045 3791 1088 3862 li·
