2916 4790
457 429 656 490 LIBER
697 431 770 492 111.

399 653 703 726 FABULA
751 656 825 727 IX.

338 830 585 884 soanTEs
612 833 671 882 AD
700 830 891 885 AMICOS.

135 947 327 1060 Vnumne
340 986 437 1048 amici
451 989 587 1062 nonien,
602 989 659 1050 sed
670 1007 743 1049 rara
761 995 806 1050 est
821 988 912 1054 fides.

142 1159 145 1172 1
181 1097 265 1155 Cum
282 1109 399 1174 parvas
414 1091 509 1154 aedes
519 1091 581 1155 sihi
596 1094 762 1156 fundasset
777 1095 942 1174 Socrates,

137 1197 265 1280 (Cuius
277 1217 342 1260 non
354 1197 446 1284 fugio
462 1208 619 1278 mortem,
630 1197 658 1260 si
668 1198 789 1260 samam
797 1218 965 1278 assequar,

138 1303 179 1363 Et
193 1304 274 1364 cedo
292 1300 451 1382 invidiae,
472 1304 652 1364 dummodo
665 1304 817 1364 absolvar
833 1301 953 1385 einis‚)

138 1409 166 1468 E
182 1406 308 1488 populo
323 1403 386 1485 sio,
402 1406 512 1469 neseio
532 1406 623 1484 quis,
643 1415 678 1465 ut
691 1403 763 1466 fieri
778 1407 877 1468 solet:
1074 1405 1092 1466 5

140 1514 288 1593 Quaeso,
304 1520 371 1572 tarn
384 1521 570 1596 angustam,
585 1509 657 1574 tulis
673 1509 741 1590 vir,
758 1509 853 1590 ponis
872 1511 1032 1574 domum?

140 1603 292 1696 Utinam,
307 1612 430 1694 inquit,
448 1611 535 1676 veris
549 1615 634 1674 hanc
647 1609 761 1673 amicis
774 1609 947 1690 impleam!

416 1807 721 1886 FABULA
769 1811 815 1882 X.

214 1997 344 2074 Pom
369 1999 624 2082 DEWCREDERE
647 1999 697 2052 ET
723 1999 802 2051 NON
828 1999 1019 2052 CREDERE.

141 2101 395 2214 PERICULOSUM
408 2163 453 2216 est
465 2155 612 2232 credere,
627 2163 659 2214 et
674 2171 741 2214 uon
760 2155 901 2215 credere.

138 2249 317 2330 Utriusque
338 2255 523 2335 exemplum
540 2255 684 2318 breviter
697 2273 860 2334 exponam
873 2253 930 2326 rei.

181 2359 384 2440 Hippolytus
397 2361 495 2440 obiit,
513 2363 598 2440 quia'
608 2381 768 2424 novercae
782 2361 945 2423 creditum
955 2367 1029 2443 eata⁸

142 2462 342 2522 Cassandrae
353 2460 432 2541 quia
450 2479 519 2524 non
535 2449 711 2541 creditum,
730 2461 795 2523 ruit
806 2460 915 2521 Ilium.
1136 2443 1140 2452 i

141 2565 228 2649 Ergo
242 2565 442 2645 exploranda
456 2572 502 2626 est
516 2563 633 2628 veritas
649 2565 804 2643 multum,
815 2561 907 2644 prius
1074 2562 1091 2624 t

142 2671 252 2752 Quam
266 2669 364 2730 stulta
379 2667 617 2750 prave·iudicet
627 2665 797 2732 sententia.

103 2758 106 2766 ¹
141 2776 205 2836 Sed
217 2774 364 2837 fabulosa
377 2797 419 2838 ne
432 2785 589 2840 vetustate
608 2779 749 2858 elevem,
1002 2853 1005 2868 Ι

140 2883 287 2944 Narrabo
298 2880 371 2962 tihi,
388 2882 547 2944 memoria
560 2884 649 2962 quod
663 2883 785 2944 factum
799 2887 846 2945 est
863 2899 947 2943 mett.

180 2986 317 3050 Maritus
332 2986 467 3066 quidam
481 3009 556 3053 cum
569 2986 721 3071 diligeret
734 2985 925 3071 coniugem,
1014 3013 1016 3018 v

140 3091 331 3176 Togamque
343 3111 461 3172 puram
472 3090 539 3152 iam
551 3100 680 3172 pararet
695 3087 782 3170 filio,
1054 3109 1091 3148 ιο

100 3241 103 3252 .
141 3197 296 3270 Seductus
314 3197 349 3257 in
362 3206 522 3259 secretum
538 3217 557 3258 a
570 3195 688 3258 liberto
704 3205 752 3258 est
764 3190 839 3274 s‘uo,

141 3302 297 3382 Sperante
317 3303 472 3364 heredem
488 3299 593 3364 suffici
607 3322 641 3363 se
653 3300 851 3382 proximum.

142 3403 224 3488 Qui,
243 3425 317 3467 cum
330 3409 370 3469 de
383 3426 487 3489 puero
502 3408 606 3468 multa
621 3406 775 3467 mentitus
790 3403 890 3485 foret,

144 3510 182 3569 Et
195 3510 291 3588 plura
310 3513 350 3572 de
367 3511 498 3596 flagitiis
513 3519 617 3576 castae
635 3507 800 3588 mulieris,

143 3611 284 3692 Adiecit,
299 3614 334 3675 id
347 3619 436 3694 quod
449 3595 606 3678 sentiebat
623 3613 766 3676 maxime

143 3717 330 3781 Doliturum
344 3723 468 3786 amanti
481 3768 490 3803 ‚
503 3725 663 3786 ventitare
674 3723 875 3796 adulterum,

142 3826 325 3904 Stuproque
344 3825 432 3908 turpi
447 3827 554 3908 pollui
570 3827 692 3891 famam
708 3817 835 3888 domus.

190 3925 324 3978 Phaedrus.
652 3997 657 4012 N
789 3941 803 3993 3
