2750 4782
333 480 445 576 illo,
587 415 1020 532 Possnllsrttt
1127 470 1281 544 mabil.

328 619 431 678 Nemo
447 613 621 675 immature
639 607 797 689 moritur,
807 605 867 688 qui
879 605 1017 668 moritur
1031 604 1146 668 miser.

327 723 431 784 Nemo
442 717 486 778 ita
498 736 624 798 pauper
635 711 733 792 vivit,
751 731 851 792 quam
861 725 986 792 pauper
1001 709 1179 774 natusest.

327 827 431 887 Nemo
442 822 586 884 timendo
597 821 818 882 adsummum
830 815 978 899 pervenit
993 818 1114 878 locum.

328 925 478 1008 Nequitia
490 945 596 1008 poena
608 907 752 1012 maxima
761 921 898 1004 ipsamet
911 919 964 982 sui
977 932 1033 983 est.

328 1033 444 1098 Nescio
457 1029 537 1114 quitl
545 1029 681 1117 cogitat,
697 1049 772 1091 cum
786 1030 910 1089 bonum
926 1024 1073 1088 imitatur
1084 1026 1220 1094 malus
1298 1013 1300 1018 ’

329 1141 384 1204 Nil
395 1159 490 1225 agere
502 1133 771 1220 semper-infelici
784 1145 829 1197 est
844 1133 1020 1214 optimum.

330 1245 385 1310 Nil
397 1243 487 1308 aliud
498 1243 556 1306 scit
573 1241 756 1316 necessitas,
772 1259 870 1322 quam
886 1239 1030 1310 vincere.

330 1351 384 1412 Nil
394 1350 489 1431 eripit
500 1352 659 1429 Fortuna,
673 1347 737 1410 nisi
748 1349 837 1428 quod
852 1355 884 1407 et
898 1344 997 1407 dedit.
1124 1369 1130 1374 ·

330 1455 384 1516 Nil
397 1467 442 1516 est
462 1453 626 1532 miserius,
642 1473 741 1533 quam
754 1451 812 1514 ubi
821 1455 938 1558 pudet,
953 1455 1042 1532 quod
1053 1453 1186 1518 feceris.
1347 1453 1348 1467 ¹

330 1559 383 1624 Nil
398 1559 500 1644 magis
511 1569 598 1620 amat
611 1557 785 1639 cupiditas,
797 1579 896 1638 quam
906 1562 993 1639 quod
1005 1579 1074 1622 non
1087 1560 1180 1624 licet.

330 1663 383 1726 Nil
394 1683 460 1724 non
470 1665 622 1732 acerbum
636 1662 746 1744 prius,
763 1683 864 1743 quam
879 1667 1058 1744 maturum,
1074 1664 1152 1728 tuit.
1203 1679 1213 1690 ·

329 1769 384 1832 Nil
397 1786 466 1828 non
480 1775 535 1828 aut
549 1766 645 1848 lenit,
660 1777 718 1829 aut
731 1760 844 1832 domat
859 1771 1066 1833 diuturnitas.

330 1871 384 1933 Nil
396 1847 531 1953 peccent
548 1870 651 1951 oculi,
667 1869 696 1932 si
710 1872 815 1936 oculis
832 1873 961 1936 animus
975 1873 1123 1956 imperet.

330 1978 386 2040 Nil
399 1997 493 2060 posse
508 1996 722 2057 quemquam,
735 1986 901 2051 mortuum
912 1981 976 2042 boc
988 1990 1035 2042 est
1051 1978 1179 2044 vivere.

331 2082 386 2146 Nil
399 2083 567 2166 proprium
582 2084 699 2160 ducas,
716 2084 807 2162 quod
822 2084 941 2146 mutari
955 2087 1070 2167 potest.

331 2187 386 2251 Nil
404 2199 497 2270 turpe
515 2189 613 2250 ducas
628 2207 689 2270 pro
705 2187 817 2252 salutis
832 2190 995 2260 remedio.¹
1238 2201 1295 2278 473

263 2285 271 2308 '
332 2295 387 2356 Nil
401 2293 544 2374 turpius,
563 2311 661 2372 quarn
680 2291 792 2356 vivere
807 2292 968 2376 incipiens
982 2316 1091 2360 senex.

332 2397 475 2460 Nimium
493 2397 680 2458 altercando
692 2394 810 2460 veritas
828 2399 997 2462 amittitur.
1062 2471 1067 2476 ,

332 2503 478 2568 Nimium
492 2501 586 2565 estin
600 2511 706 2563 morte
721 2503 818 2584 boni,
832 2503 861 2568 si
880 2506 928 2568 nil
942 2505 1025 2570 inest
1042 2507 1135 2582 mali.

332 2591 401 2674 Nisi
414 2617 516 2691 perte
531 2609 653 2690 sapias,
670 2609 788 2670 frustra
806 2610 984 2694 sapientem
1000 2599 1124 2674 audias.

332 2716 402 2780 Nisi
416 2715 473 2796 qui
484 2715 542 2778 scit
553 2717 674 2796 facere,
688 2707 822 2779 insidias
842 2718 947 2782 nescit
959 2730 1116 2784 metuere.
1224 2758 1237 2778 .

333 2815 557 2882 Nisivindices
570 2818 706 2898 delicta,
718 2819 958 2902 improbitatem
971 2821 1115 2888 adiuves.

333 2929 461 2990 Nocens
476 2935 641 3008 precatur,
662 2927 820 2994 innocens
835 2929 994 2993 irascitur.

334 3015 512 3096 Nocentem
529 3032 587 3113 qui
601 3034 761 3114 defendit,
776 3035 841 3098 sibi
859 3036 984 3101 crimen
997 3037 1093 3122 parit.

335 3137 460 3198 Nocere
473 3155 563 3200 casus
582 3156 649 3199 non
664 3139 745 3200 solet
764 3139 973 3203 constantiae.

335 3241 459 3300 Nocere
471 3259 564 3319 posse
579 3252 610 3301 et
623 3243 724 3320 nolle,
740 3245 811 3308 laus
825 3244 1026 3326 amplissima
1038 3255 1093 3308 est.

232 3422 237 3426 Ι
268 3360 269 3363 ’
336 3343 411 3407 Noli
427 3355 632 3408 contemnere
646 3368 700 3422 ea,
717 3368 802 3428 quae
816 3369 959 3414 summos
974 3343 1165 3416 sublevant.

336 3452 409 3512 Non
421 3445 485 3510 cito
496 3447 590 3506 ruina
606 3449 690 3530 perit
703 3449 746 3525 is,
763 3452 820 3531 qui
838 3454 954 3516 nimam
967 3453 1067 3516 timet.

337 3556 409 3616 Non
425 3547 641 3634 corrigit,sed
656 3550 770 3630 laedit,
788 3558 845 3636 qui
861 3557 997 3620 invitum
1013 3559 1106 3646 regit.

337 3661 411 3720 Non
425 3667 470 3718 est
483 3655 623 3732 bonitas,
643 3675 709 3719 esse
726 3657 894 3722 meliorem
907 3661 1057 3742 pessimo.

337 3765 410 3824 Non
424 3771 469 3824 est
481 3760 651 3841 pusillum,
668 3759 695 3822 si
710 3760 788 3840 quid
803 3763 946 3825 maximo
957 3775 1004 3828 est
1016 3763 1136 3830 minus.

338 3867 412 3930 Non
425 3877 473 3930 est
485 3865 617 3930 cicatrix
629 3867 747 3952 turpia,
760 3888 862 3950 quam
876 3869 978 3934 virtus
991 3869 1084 3954 parit.
