2848 4792
485 404 766 512 cluea'v.
1061 455 1100 514 ss

153 605 248 666 Tunc
259 599 416 663 simulans
428 609 495 658 sese
511 592 711 656 vestimentis
726 593 878 658 Rusticus

153 701 336 767 Porcellum
351 703 518 782 obtegere,
531 697 642 778 (quod
655 695 794 758 faciebat
815 697 950 780 scilicet,
1060 709 1101 770 30

154 811 233 888 Sed,
251 809 287 869 in
299 807 408 889 priore
422 802 497 884 quia
510 802 558 864 nil
571 811 813 884 compererant,
827 805 973 892 lateus‚)y

130 971 137 982 ,
153 909 304 973 Pervellit
320 929 431 970 aurern
445 925 539 987 vero,
559 925 657 984 quem
672 905 845 988 celaverat,

152 1020 277 1081 Etcum
290 1019 403 1078 dolore
416 1033 529 1076 vocem
544 1020 678 1074 naturae
694 1013 857 1094 exprimit.

152 1125 319 1186 Acclamat
331 1123 489 1203 populus,
503 1121 654 1182 Scurram
665 1121 773 1182 multo'
785 1120 924 1188 similius

151 1227 337 1306 Imitatum,
349 1236 380 1286 et
394 1222 479 1307 cogit
494 1223 661 1286 Rusticum
676 1222 762 1286 trudi
780 1224 875 1287 toras.
1057 1229 1095 1291 35

153 1331 196 1390 At
211 1329 267 1391 ille
281 1329 404 1410 profert
418 1327 525 1409 ipsum
538 1327 849 1412 porcellumcsinu,

152 1435 363 1515 Turpemque
374 1442 487 1514 aperto
497 1431 634 1516 pignore
647 1451 790 1494 errorem
807 1433 970 1518 probans,

153 1537 223 1600 En!
239 1535 294 1598 hic
307 1537 465 1616 declarat,
480 1536 591 1614 quales
601 1531 671 1598 sitis
681 1527 817 1597 iudices(

415 1727 837 1802 FABULAvs

476 1895 575 1948 nuo
612 1895 782 1952 cssvn

153 2009 302 2128 lavetur
318 2063 436 2125 Calvus
447 2062 531 2125 forte
548 2062 584 2125 in
601 2062 697 2128 trivio
709 2064 880 2147 pectinem.

154 2165 295 2231 Accessit
307 2167 404 2246 alter,
420 2183 524 2246 aeque
537 2166 681 2230 defectus
698 2166 792 2249 pilis:

154 2265 366 2348 Eia,„iuquit,
377 2267 413 2327 in
427 2285 613 2349 commune,
626 2272 845 2351 quodcunque
858 2283 905 2338 est
918 2273 1012 2338 lucri.

156 2372 305 2440 Ostendit
316 2371 373 2435 ille
381 2374 552 2454 praedam,
572 2383 604 2436 et
617 2375 735 2439 adiecit
747 2377 863 2441 simul:

154 2477 316 2562 ¹Superitm
331 2479 481 2540 voluntas
495 2477 590 2555 favit;
606 2479 681 2558 sed,
693 2479 760 2541 fato
776 2478 908 2563 invido,
1081 2488 1099 2548 5
1183 2517 1189 2530 ·

156 2587 359 2664 Carbonem,
375 2595 410 2645 ut
425 2569 534 2665 aiubt,
546 2604 607 2668 pro
620 2587 772 2650 thesauro
786 2586 981 2654 invenimus.

197 2691 305 2774 Quem
315 2708 388 2771 spes
401 2686 534 2770 delusit,
551 2688 630 2751 huic
646 2691 780 2770 querela
796 2690 961 2756 convenit.

400 2873 851 2956 FABULAVH.

331 3133 333 3138 Ι
390 3043 625 3099 rnrucurs
659 2986 868 3100 r1srcsn.

155 3162 248 3280 Um
261 3225 366 3271 vanus
382 3206 527 3286 sumtus,
544 3223 624 3268 aura
643 3212 754 3285 captus
768 3202 907 3286 frivola,
960 3271 965 3280 ⁵

154 3313 299 3395 Arripuit
315 3312 508 3377 insolentem
523 3308 586 3373 sibi
601 3306 773 3387 fiduciam,

155 3416 264 3480 Facile
280 3420 321 3479 ad
337 3418 479 3482 derisum
493 3417 591 3480 stulta
609 3413 724 3475 levitas
737 3411 877 3476 ducitur.
913 3418 917 3422 ’

195 3521 351 3605 Princeps
361 3524 481 3588 tibicen
492 3524 601 3588 notior
613 3523 713 3605 paulo
728 3517 808 3604 tuit,

157 3627 300 3708 Operam
313 3629 463 3708 Bathyllo
475 3628 586 3690 solitus
596 3627 632 3690 in
642 3647 738 3692 scena
753 3627 841 3689 dure.
1081 3628 1099 3702 b
1227 3609 1231 3618 ¹

156 3732 189 3792 ls
200 3729 284 3792 forte
298 3729 383 3794 ludis
396 3729 485 3810 (non
494 3729 569 3818 satis
578 3729 714 3794 memini
729 3729 871 3812 quibus)

155 3839 244 3900 Dum
255 3855 374 3928 pegma
386 3835 531 3920 rapitur,
552 3835 693 3930 concidit
710 3853 786 3897 casu
799 3831 893 3920 gravi
