2916 4790
398 443 401 450 .
491 401 692 465 LIBER
732 403 758 464 Ι.

61 585 63 590 ,
124 617 127 622 ,
153 552 248 612 Onus
264 528 399 610 naturae
412 546 528 608 melius
546 565 612 626 quo
626 547 814 628 deponeret.

152 653 306 733 Minime,
320 650 440 731 inquit,
457 650 516 711 illo
529 669 622 730 posse
641 647 770 712 confido
783 650 858 714 loco

154 761 281 822 Malum
292 755 398 840 finiri,
409 775 475 836 quo
489 765 681 838 conceptum
698 767 745 842 est
761 755 867 818 initio.

389 934 417 1003 F
441 933 472 1002 A
497 934 525 1002 B
549 933 582 1002 U
606 934 635 1004 L
660 932 692 1002 A
726 931 863 1004 XIX.

384 1103 520 1155 naurs
546 1101 869 1170 rnnrumens.

151 1200 315 1314 Harrnr
330 1245 464 1310 insidias
481 1244 624 1308 hominis
637 1246 816 1309 blanditiae
836 1245 933 1310 mali:

150 1357 243 1439 Quas
259 1363 296 1415 ut
311 1353 468 1433 vitemus,
484 1370 596 1429 persus
609 1350 746 1414 subiecti
765 1362 907 1414 monent.

192 1460 292 1521 Canis
306 1457 491 1541 parturiens
505 1478 580 1520 curn
596 1467 740 1542 rogasset
754 1458 907 1539 alteram,

149 1565 195 1624 Ut
208 1565 311 1624 fetum
324 1563 360 1624 in
377 1563 446 1624 eius
461 1560 593 1646 tugurio
606 1563 802 1642 deponeret,

147 1665 260 1728 Facile
278 1665 479 1747 impetrarit:
500 1665 577 1728 dein
592 1664 775 1748 reposcenti
787 1666 899 1727 locum

147 1772 266 1830 Preces
279 1768 441 1848 admovit,
460 1777 587 1849 tempus
606 1787 744 1832 exorans
757 1771 874 1849 breve,
893 1765 896 1779 ¹

147 1876 242 1936 Dum
260 1872 419 1935 firmiores
436 1874 558 1936 catulos
571 1883 678 1955 posset
690 1875 818 1936 ducere.

147 1983 224 2042 Hoc
242 1999 371 2060 quoque
387 1988 569 2059 consumto,
588 1979 733 2066 flagitare
751 1977 891 2044 validius

150 2077 272 2140 Cubile
288 2080 404 2178 coepit.
426 2080 459 2144 Si
478 2079 561 2142 mihi
579 2091 611 2142 et
629 2085 742 2176 turbae
760 2101 853 2144 meae

151 2187 234 2266 Par,
249 2183 374 2267 inquit,
393 2206 459 2250 esse
469 2185 631 2268 potueris,
653 2187 766 2248 cedam
783 2187 867 2250 loco·

352 2314 850 2436 ,renutans

418 2529 564 2584 CANES
590 2531 842 2584 FAMELICI.

151 2631 321 2744 Srmrun
342 2653 516 2735 consilium
533 2649 600 2736 non
618 2674 718 2736 modo
731 2668 846 2752 effecto
862 2673 962 2755 caret,

149 2779 215 2840 Sed
231 2778 275 2837 ad
289 2774 467 2857 perniciem
482 2795 612 2854 quoque
627 2775 780 2838 mortales
797 2775 942 2838 devocat.

191 2879 329 2944 Corium
345 2881 532 2962 depressum
546 2877 583 2938 in
599 2878 699 2940 fluvio
716 2857 870 2942 viderunt
886 2877 1009 2940 Canes:
1121 2891 1124 2896 '
1183 2903 1195 2922 r
1215 2937 1219 2944 ,

149 2985 190 3047 ld
203 2991 245 3047 ut
258 2999 401 3046 comesse
413 2991 590 3045 extractum
609 2992 739 3067 possent
755 2983 907 3064 facilius,
1085 3064 1088 3070 ‚

152 3097 284 3174 Aquam
297 3110 435 3172 coepere
449 3089 595 3152 ebibere:
616 3093 674 3153 sed
690 3089 779 3171 rupti
794 3091 886 3171 prius
1085 3092 1102 3162 5
1178 3153 1187 3182 ,Ι
1275 3083 1277 3087 ’

152 3197 302 3281 Periere,
316 3218 430 3281 quam,
449 3200 539 3278 quod
550 3198 724 3282 petierant,
742 3199 977 3284 contingerent.

329 3337 864 3449 'rauuenxxs
962 3475 965 3482 Ι

240 3551 317 3604 nno
333 3552 475 3620 snuex,
490 3551 612 3620 arna,
627 3549 784 3604 rannus
801 3549 851 3601 rr
865 3539 1016 3604 Asinus.

160 3655 390 3791 Qumuuoun
400 3702 507 3768 amisit
517 3698 708 3792 dignitatem
722 3697 914 3786 pristinam,

157 3801 289 3887 Ignavis
305 3808 405 3877 etiarn
423 3809 516 3877 iocus
531 3819 579 3876 est
596 3809 632 3874 in
649 3827 723 3878 casu
742 3804 846 3897 gravi.
