<?xml version="1.0" encoding="UTF-8"?>
<!DOCTYPE html PUBLIC "-//W3C//DTD XHTML 1.0 Transitional//EN"
    "http://www.w3.org/TR/xhtml1/DTD/xhtml1-transitional.dtd">
<html xmlns="http://www.w3.org/1999/xhtml" xml:lang="en" lang="en">
 <head>
  <title>
</title>
<meta http-equiv="Content-Type" content="text/html;charset=utf-8" />
  <meta name='ocr-system' content='tesseract 3.04.00' />
  <meta name='ocr-capabilities' content='ocr_page ocr_carea ocr_par ocr_line ocrx_word'/>
</head>
<body>
  <div class='ocr_page' id='page_1' title='image "./phaedriaugustil05phaegoog_0026.png"; bbox 0 0 2910 4786; ppageno 0'>
   <div class='ocr_carea' id='block_1_1' title="bbox 560 546 1139 622">
    <p class='ocr_par' dir='ltr' id='par_1_1' title="bbox 560 546 1139 622">
     <span class='ocr_line' id='line_1_1' title="bbox 560 546 1139 622; baseline 0 -4"><span class='ocrx_word' id='word_1_1' title='bbox 560 546 636 618; x_wconf 86' lang='lat' dir='ltr'>V·-l</span> <span class='ocrx_word' id='word_1_2' title='bbox 660 547 695 616; x_wconf 88' lang='lat' dir='ltr'>T</span> <span class='ocrx_word' id='word_1_3' title='bbox 719 546 782 618; x_wconf 57' lang='lat' dir='ltr'>Aa</span> <span class='ocrx_word' id='word_1_4' title='bbox 1071 567 1139 622; x_wconf 76' lang='lat' dir='ltr'>tux</span> 
     </span>
    </p>
   </div>
   <div class='ocr_carea' id='block_1_2' title="bbox 104 705 1188 2642">
    <p class='ocr_par' dir='ltr' id='par_1_2' title="bbox 182 705 1136 1792">
     <span class='ocr_line' id='line_1_2' title="bbox 235 705 1136 803; baseline 0.004 -27"><span class='ocrx_word' id='word_1_5' title='bbox 235 705 367 778; x_wconf 85' lang='lat' dir='ltr'>Contra</span> <span class='ocrx_word' id='word_1_6' title='bbox 387 705 520 778; x_wconf 90' lang='lat' dir='ltr'>librum</span> <span class='ocrx_word' id='word_1_7' title='bbox 542 705 740 778; x_wconf 81' lang='lat' dir='ltr'>fabularum</span> <span class='ocrx_word' id='word_1_8' title='bbox 755 705 832 778; x_wconf 82' lang='lat' dir='ltr'>Let</span> <span class='ocrx_word' id='word_1_9' title='bbox 845 707 889 778; x_wconf 92' lang='lat' dir='ltr'>ll.</span> <span class='ocrx_word' id='word_1_10' title='bbox 905 709 1036 802; x_wconf 88' lang='lat' dir='ltr'>quibus</span> <span class='ocrx_word' id='word_1_11' title='bbox 1050 721 1136 803; x_wconf 68' lang='lat' dir='ltr'>poe·</span> 
     </span>
     <span class='ocr_line' id='line_1_3' title="bbox 188 813 1136 910; baseline 0.001 -23"><span class='ocrx_word' id='word_1_12' title='bbox 188 833 220 887; x_wconf 93' lang='lat' dir='ltr'>ta</span> <span class='ocrx_word' id='word_1_13' title='bbox 231 813 397 888; x_wconf 85' lang='lat' dir='ltr'>Seianum</span> <span class='ocrx_word' id='word_1_14' title='bbox 412 832 448 886; x_wconf 89' lang='lat' dir='ltr'>et</span> <span class='ocrx_word' id='word_1_15' title='bbox 461 815 545 886; x_wconf 90' lang='lat' dir='ltr'>alios</span> <span class='ocrx_word' id='word_1_16' title='bbox 554 815 599 886; x_wconf 86' lang='lat' dir='ltr'>ad</span> <span class='ocrx_word' id='word_1_17' title='bbox 612 817 696 888; x_wconf 82' lang='lat' dir='ltr'>irem</span> <span class='ocrx_word' id='word_1_18' title='bbox 708 819 916 910; x_wconf 86' lang='lat' dir='ltr'>provocavit</span> <span class='ocrx_word' id='word_1_19' title='bbox 928 820 1136 904; x_wconf 82' lang='lat' dir='ltr'>maximam,</span> 
     </span>
     <span class='ocr_line' id='line_1_4' title="bbox 186 919 1134 1021; baseline 0.001 -26"><span class='ocrx_word' id='word_1_20' title='bbox 186 937 227 995; x_wconf 89' lang='lat' dir='ltr'>ut</span> <span class='ocrx_word' id='word_1_21' title='bbox 240 949 307 1021; x_wconf 85' lang='lat' dir='ltr'>ego</span> <span class='ocrx_word' id='word_1_22' title='bbox 321 921 469 1018; x_wconf 87' lang='lat' dir='ltr'>quidem</span> <span class='ocrx_word' id='word_1_23' title='bbox 485 921 651 1008; x_wconf 83' lang='lat' dir='ltr'>arbitror,</span> <span class='ocrx_word' id='word_1_24' title='bbox 667 921 751 992; x_wconf 86' lang='lat' dir='ltr'>vivo</span> <span class='ocrx_word' id='word_1_25' title='bbox 768 919 894 995; x_wconf 88' lang='lat' dir='ltr'>Seiano</span> <span class='ocrx_word' id='word_1_26' title='bbox 909 942 944 994; x_wconf 87' lang='lat' dir='ltr'>et</span> <span class='ocrx_word' id='word_1_27' title='bbox 958 922 1134 1012; x_wconf 90' lang='lat' dir='ltr'>florente,</span> 
     </span>
     <span class='ocr_line' id='line_1_5' title="bbox 184 1029 1135 1130; baseline 0.002 -28"><span class='ocrx_word' id='word_1_28' title='bbox 184 1033 223 1106; x_wconf 81' lang='lat' dir='ltr'>in</span> <span class='ocrx_word' id='word_1_29' title='bbox 245 1035 372 1130; x_wconf 87' lang='lat' dir='ltr'>vulgus</span> <span class='ocrx_word' id='word_1_30' title='bbox 395 1031 508 1126; x_wconf 84' lang='lat' dir='ltr'>edidit</span> <span class='ocrx_word' id='word_1_31' title='bbox 516 1058 527 1118; x_wconf 79' lang='lat'>3</span> <span class='ocrx_word' id='word_1_32' title='bbox 543 1035 605 1103; x_wconf 87' lang='lat' dir='ltr'>etsi</span> <span class='ocrx_word' id='word_1_33' title='bbox 618 1029 881 1120; x_wconf 79' lang='lat' dir='ltr'>Derbillonius,</span> <span class='ocrx_word' id='word_1_34' title='bbox 906 1051 948 1106; x_wconf 89' lang='lat' dir='ltr'>ut</span> <span class='ocrx_word' id='word_1_35' title='bbox 966 1033 1135 1130; x_wconf 85' lang='lat' dir='ltr'>supradi-</span> 
     </span>
     <span class='ocr_line' id='line_1_6' title="bbox 184 1141 1135 1232; baseline 0.007 -19"><span class='ocrx_word' id='word_1_36' title='bbox 184 1161 284 1215; x_wconf 86' lang='lat' dir='ltr'>ctum</span> <span class='ocrx_word' id='word_1_37' title='bbox 304 1157 376 1228; x_wconf 86' lang='lat' dir='ltr'>est,</span> <span class='ocrx_word' id='word_1_38' title='bbox 401 1142 499 1212; x_wconf 86' lang='lat' dir='ltr'>aliter</span> <span class='ocrx_word' id='word_1_39' title='bbox 519 1142 656 1212; x_wconf 86' lang='lat' dir='ltr'>sentiat.</span> <span class='ocrx_word' id='word_1_40' title='bbox 687 1141 854 1232; x_wconf 83' lang='lat' dir='ltr'>Namque</span> <span class='ocrx_word' id='word_1_41' title='bbox 870 1159 965 1212; x_wconf 89' lang='lat' dir='ltr'>recte</span> <span class='ocrx_word' id='word_1_42' title='bbox 986 1157 1135 1220; x_wconf 86' lang='lat' dir='ltr'>notante</span> 
     </span>
     <span class='ocr_line' id='line_1_7' title="bbox 185 1247 1135 1349; baseline 0.001 -27"><span class='ocrx_word' id='word_1_43' title='bbox 185 1251 485 1349; x_wconf 81' lang='lat' dir='ltr'>Cannegietero‚¹</span> <span class='ocrx_word' id='word_1_44' title='bbox 507 1251 714 1345; x_wconf 79' lang='lat' dir='ltr'>„Prologus</span> <span class='ocrx_word' id='word_1_45' title='bbox 737 1247 818 1320; x_wconf 86' lang='lat' dir='ltr'>libri</span> <span class='ocrx_word' id='word_1_46' title='bbox 838 1247 864 1318; x_wconf 89' lang='lat' dir='ltr'>l.</span> <span class='ocrx_word' id='word_1_47' title='bbox 887 1247 1051 1322; x_wconf 74' lang='lat' dir='ltr'>&amp;multa</span> <span class='ocrx_word' id='word_1_48' title='bbox 1070 1252 1135 1324; x_wconf 84' lang='lat' dir='ltr'>alia</span> 
     </span>
     <span class='ocr_line' id='line_1_8' title="bbox 182 1356 1136 1458; baseline 0.002 -28"><span class='ocrx_word' id='word_1_49' title='bbox 182 1378 360 1458; x_wconf 87' lang='lat' dir='ltr'>arguunt,</span> <span class='ocrx_word' id='word_1_50' title='bbox 380 1382 455 1431; x_wconf 87' lang='lat' dir='ltr'>non</span> <span class='ocrx_word' id='word_1_51' title='bbox 468 1359 587 1456; x_wconf 73' lang='lat' dir='ltr'>paucis</span> <span class='ocrx_word' id='word_1_52' title='bbox 599 1358 767 1453; x_wconf 72' lang='lat' dir='ltr'>scripsisse</span> <span class='ocrx_word' id='word_1_53' title='bbox 783 1356 917 1430; x_wconf 85' lang='lat' dir='ltr'>fabulas</span> <span class='ocrx_word' id='word_1_54' title='bbox 929 1383 1005 1432; x_wconf 84' lang='lat' dir='ltr'>suas</span> <span class='ocrx_word' id='word_1_55' title='bbox 1024 1359 1136 1432; x_wconf 80' lang='lat' dir='ltr'>Phae·</span> 
     </span>
     <span class='ocr_line' id='line_1_9' title="bbox 182 1461 1136 1560; baseline -0.002 -20"><span class='ocrx_word' id='word_1_56' title='bbox 182 1468 309 1556; x_wconf 77' lang='lat' dir='ltr'>dmm,</span> <span class='ocrx_word' id='word_1_57' title='bbox 332 1467 394 1540; x_wconf 87' lang='lat' dir='ltr'>sed</span> <span class='ocrx_word' id='word_1_58' title='bbox 419 1461 609 1552; x_wconf 80' lang='lat' dir='ltr'>omnibus3</span> <span class='ocrx_word' id='word_1_59' title='bbox 637 1490 757 1560; x_wconf 86' lang='lat' dir='ltr'>neque</span> <span class='ocrx_word' id='word_1_60' title='bbox 783 1480 924 1538; x_wconf 86' lang='lat' dir='ltr'>tantum</span> <span class='ocrx_word' id='word_1_61' title='bbox 950 1467 995 1538; x_wconf 89' lang='lat' dir='ltr'>ad</span> <span class='ocrx_word' id='word_1_62' title='bbox 1021 1469 1136 1559; x_wconf 87' lang='lat' dir='ltr'>priva·</span> 
     </span>
     <span class='ocr_line' id='line_1_10' title="bbox 182 1575 1134 1671; baseline 0.001 -22"><span class='ocrx_word' id='word_1_63' title='bbox 182 1595 263 1651; x_wconf 91' lang='lat' dir='ltr'>tum</span> <span class='ocrx_word' id='word_1_64' title='bbox 285 1578 448 1652; x_wconf 87' lang='lat' dir='ltr'>dolorem</span> <span class='ocrx_word' id='word_1_65' title='bbox 471 1578 702 1663; x_wconf 87' lang='lat' dir='ltr'>leniendum,</span> <span class='ocrx_word' id='word_1_66' title='bbox 722 1575 785 1645; x_wconf 87' lang='lat' dir='ltr'>sed</span> <span class='ocrx_word' id='word_1_67' title='bbox 806 1593 842 1651; x_wconf 86' lang='lat' dir='ltr'>et</span> <span class='ocrx_word' id='word_1_68' title='bbox 856 1575 902 1646; x_wconf 88' lang='lat' dir='ltr'>ad</span> <span class='ocrx_word' id='word_1_69' title='bbox 920 1577 1048 1650; x_wconf 85' lang='lat' dir='ltr'>lamam</span> <span class='ocrx_word' id='word_1_70' title='bbox 1063 1602 1134 1671; x_wconf 90' lang='lat' dir='ltr'>pu·</span> 
     </span>
     <span class='ocr_line' id='line_1_11' title="bbox 182 1684 1135 1792; baseline -0.001 -32"><span class='ocrx_word' id='word_1_71' title='bbox 182 1689 275 1761; x_wconf 88' lang='lat' dir='ltr'>blice</span> <span class='ocrx_word' id='word_1_72' title='bbox 288 1689 545 1784; x_wconf 80' lang='lat' dir='ltr'>aucupandam</span> <span class='ocrx_word' id='word_1_73' title='bbox 560 1689 744 1792; x_wconf 80' lang='lat' dir='ltr'>Quorsum</span> <span class='ocrx_word' id='word_1_74' title='bbox 760 1684 856 1758; x_wconf 83' lang='lat' dir='ltr'>enim</span> <span class='ocrx_word' id='word_1_75' title='bbox 875 1687 1042 1758; x_wconf 86' lang='lat' dir='ltr'>sollicitae</span> <span class='ocrx_word' id='word_1_76' title='bbox 1055 1688 1135 1760; x_wconf 83' lang='lat' dir='ltr'>illae</span> 
     </span>
    </p>

    <p class='ocr_par' dir='ltr' id='par_1_3' title="bbox 104 1791 1135 2420">
     <span class='ocr_line' id='line_1_12' title="bbox 156 1791 1133 1922; baseline -0.003 -50"><span class='ocrx_word' id='word_1_77' title='bbox 156 1829 161 1885; x_wconf 66' lang='grc' dir='ltr'>ζ</span> <span class='ocrx_word' id='word_1_78' title='bbox 180 1791 359 1922; x_wconf 68' lang='lat' dir='ltr'>arpopaiorrr</span> <span class='ocrx_word' id='word_1_79' title='bbox 371 1800 415 1870; x_wconf 88' lang='lat' dir='ltr'>ad</span> <span class='ocrx_word' id='word_1_80' title='bbox 429 1801 623 1884; x_wconf 86' lang='lat' dir='ltr'>lectorem,</span> <span class='ocrx_word' id='word_1_81' title='bbox 641 1818 716 1867; x_wconf 88' lang='lat' dir='ltr'>non</span> <span class='ocrx_word' id='word_1_82' title='bbox 737 1796 840 1865; x_wconf 89' lang='lat' dir='ltr'>initio</span> <span class='ocrx_word' id='word_1_83' title='bbox 857 1798 973 1868; x_wconf 89' lang='lat' dir='ltr'>solum</span> <span class='ocrx_word' id='word_1_84' title='bbox 987 1813 1024 1868; x_wconf 88' lang='lat' dir='ltr'>et</span> <span class='ocrx_word' id='word_1_85' title='bbox 1040 1797 1133 1885; x_wconf 82' lang='lat' dir='ltr'>line,</span> 
     </span>
     <span class='ocr_line' id='line_1_13' title="bbox 104 1903 1135 1996; baseline -0.002 -20"><span class='ocrx_word' id='word_1_86' title='bbox 104 1903 106 1910; x_wconf 75' lang='grc'><strong>’</strong></span> <span class='ocrx_word' id='word_1_87' title='bbox 178 1905 242 1976; x_wconf 84' lang='lat' dir='ltr'>sed</span> <span class='ocrx_word' id='word_1_88' title='bbox 268 1921 304 1976; x_wconf 88' lang='lat' dir='ltr'>et</span> <span class='ocrx_word' id='word_1_89' title='bbox 323 1909 361 1976; x_wconf 89' lang='lat' dir='ltr'>in</span> <span class='ocrx_word' id='word_1_90' title='bbox 382 1904 613 1978; x_wconf 86' lang='lat' dir='ltr'>mediislibris</span> <span class='ocrx_word' id='word_1_91' title='bbox 625 1955 636 1990; x_wconf 95' lang='lat'>,</span> <span class='ocrx_word' id='word_1_92' title='bbox 649 1904 782 1995; x_wconf 87' lang='lat' dir='ltr'>quihus</span> <span class='ocrx_word' id='word_1_93' title='bbox 801 1905 853 1974; x_wconf 87' lang='lat' dir='ltr'>nil</span> <span class='ocrx_word' id='word_1_94' title='bbox 872 1927 963 1996; x_wconf 88' lang='lat' dir='ltr'>opus</span> <span class='ocrx_word' id='word_1_95' title='bbox 983 1903 1028 1974; x_wconf 89' lang='lat' dir='ltr'>ad</span> <span class='ocrx_word' id='word_1_96' title='bbox 1047 1903 1135 1982; x_wconf 78' lang='lat' dir='ltr'>ami·</span> 
     </span>
     <span class='ocr_line' id='line_1_14' title="bbox 179 2010 1135 2136; baseline -0.002 -50"><span class='ocrx_word' id='word_1_97' title='bbox 179 2013 266 2086; x_wconf 82' lang='lat' dir='ltr'>eos?</span> <span class='ocrx_word' id='word_1_98' title='bbox 291 2015 418 2136; x_wconf 82' lang='lat' dir='ltr'>Quid?</span> <span class='ocrx_word' id='word_1_99' title='bbox 442 2037 526 2086; x_wconf 89' lang='lat' dir='ltr'>cum</span> <span class='ocrx_word' id='word_1_100' title='bbox 552 2016 590 2086; x_wconf 88' lang='lat' dir='ltr'>in</span> <span class='ocrx_word' id='word_1_101' title='bbox 613 2011 766 2110; x_wconf 87' lang='lat' dir='ltr'>Prologo</span> <span class='ocrx_word' id='word_1_102' title='bbox 785 2013 865 2084; x_wconf 89' lang='lat' dir='ltr'>libri</span> <span class='ocrx_word' id='word_1_103' title='bbox 880 2012 937 2083; x_wconf 91' lang='lat' dir='ltr'>lll.</span> <span class='ocrx_word' id='word_1_104' title='bbox 966 2034 1018 2104; x_wconf 77' lang='lat'>23.</span> <span class='ocrx_word' id='word_1_105' title='bbox 1042 2010 1135 2088; x_wconf 86' lang='lat' dir='ltr'>fasti·</span> 
     </span>
     <span class='ocr_line' id='line_1_15' title="bbox 130 2119 1133 2222; baseline 0 -30"><span class='ocrx_word' id='word_1_106' title='bbox 130 2214 133 2222; x_wconf 28' lang='grc' dir='ltr'>Ι</span> <span class='ocrx_word' id='word_1_107' title='bbox 179 2124 278 2194; x_wconf 86' lang='lat' dir='ltr'>dios&#39;e</span> <span class='ocrx_word' id='word_1_108' title='bbox 290 2147 325 2192; x_wconf 87' lang='lat' dir='ltr'>se</span> <span class='ocrx_word' id='word_1_109' title='bbox 337 2122 375 2192; x_wconf 88' lang='lat' dir='ltr'>in</span> <span class='ocrx_word' id='word_1_110' title='bbox 391 2139 537 2196; x_wconf 86' lang='lat' dir='ltr'>coetum</span> <span class='ocrx_word' id='word_1_111' title='bbox 553 2123 660 2217; x_wconf 87' lang='lat' dir='ltr'>recipi</span> <span class='ocrx_word' id='word_1_112' title='bbox 676 2135 863 2212; x_wconf 80' lang='lat' dir='ltr'>queratur,</span> <span class='ocrx_word' id='word_1_113' title='bbox 886 2137 923 2192; x_wconf 89' lang='lat' dir='ltr'>et</span> <span class='ocrx_word' id='word_1_114' title='bbox 936 2123 972 2192; x_wconf 89' lang='lat' dir='ltr'>in</span> <span class='ocrx_word' id='word_1_115' title='bbox 986 2119 1133 2218; x_wconf 83' lang='lat' dir='ltr'>Epilogo</span> 
     </span>
     <span class='ocr_line' id='line_1_16' title="bbox 145 2224 1134 2322; baseline -0.001 -23"><span class='ocrx_word' id='word_1_116' title='bbox 145 2301 148 2307; x_wconf 76' lang='grc'><strong>,</strong></span> <span class='ocrx_word' id='word_1_117' title='bbox 179 2230 336 2302; x_wconf 89' lang='lat' dir='ltr'>librilV.</span> <span class='ocrx_word' id='word_1_118' title='bbox 328 2255 383 2322; x_wconf 92' lang='grc'>..5</span> <span class='ocrx_word' id='word_1_119' title='bbox 398 2231 429 2300; x_wconf 85' lang='grc'>6.</span> <span class='ocrx_word' id='word_1_120' title='bbox 442 2228 676 2300; x_wconf 84' lang='lat' dir='ltr'>Particulonie</span> <span class='ocrx_word' id='word_1_121' title='bbox 692 2251 826 2300; x_wconf 89' lang='lat' dir='ltr'>nomen</span> <span class='ocrx_word' id='word_1_122' title='bbox 840 2227 1068 2302; x_wconf 84' lang='lat' dir='ltr'>dicatchartis</span> <span class='ocrx_word' id='word_1_123' title='bbox 1082 2224 1134 2300; x_wconf 86' lang='lat' dir='ltr'>vi-</span> 
     </span>
     <span class='ocr_line' id='line_1_17' title="bbox 180 2335 434 2420; baseline -0.02 -12"><span class='ocrx_word' id='word_1_124' title='bbox 180 2353 325 2408; x_wconf 86' lang='lat' dir='ltr'>cturum</span> <span class='ocrx_word' id='word_1_125' title='bbox 342 2335 434 2420; x_wconf 87' lang='lat' dir='ltr'>suis,</span> 
     </span>
    </p>

    <p class='ocr_par' dir='ltr' id='par_1_4' title="bbox 178 2439 1188 2642">
     <span class='ocr_line' id='line_1_18' title="bbox 231 2439 908 2542; baseline -0.006 -29"><span class='ocrx_word' id='word_1_126' title='bbox 231 2443 365 2514; x_wconf 85' lang='lat' dir='ltr'>Latinis</span> <span class='ocrx_word' id='word_1_127' title='bbox 379 2441 453 2511; x_wconf 79' lang='lat' dir='ltr'>dum</span> <span class='ocrx_word' id='word_1_128' title='bbox 466 2439 605 2511; x_wconf 78' lang='lat' dir='ltr'>manebit</span> <span class='ocrx_word' id='word_1_129' title='bbox 621 2444 793 2542; x_wconf 83' lang='lat' dir='ltr'>pretium</span> <span class='ocrx_word' id='word_1_130' title='bbox 787 2443 908 2516; x_wconf 83' lang='lat' dir='ltr'>literis.</span> 
     </span>
     <span class='ocr_line' id='line_1_19' title="bbox 178 2517 1188 2642; baseline -0.006 -16"><span class='ocrx_word' id='word_1_131' title='bbox 178 2571 224 2626; x_wconf 79' lang='lat' dir='ltr'>ex</span> <span class='ocrx_word' id='word_1_132' title='bbox 248 2551 360 2622; x_wconf 87' lang='lat' dir='ltr'>tacitis</span> <span class='ocrx_word' id='word_1_133' title='bbox 385 2548 585 2620; x_wconf 89' lang='lat' dir='ltr'>amicorum</span> <span class='ocrx_word' id='word_1_134' title='bbox 611 2547 774 2617; x_wconf 77' lang='lat' dir='ltr'>laudibus</span> <span class='ocrx_word' id='word_1_135' title='bbox 798 2546 889 2616; x_wconf 88' lang='lat' dir='ltr'>hanc</span> <span class='ocrx_word' id='word_1_136' title='bbox 910 2543 1075 2642; x_wconf 81' lang='lat' dir='ltr'>gloriae</span> <span class='ocrx_word' id='word_1_137' title='bbox 1064 2517 1133 2620; x_wconf 83' lang='lat' dir='ltr'>im·</span> <span class='ocrx_word' id='word_1_138' title='bbox 1185 2577 1188 2583; x_wconf 41' lang='lat'><em>⁸</em></span> 
     </span>
    </p>
   </div>
   <div class='ocr_carea' id='block_1_3' title="bbox 180 2637 1254 2748">
    <p class='ocr_par' dir='ltr' id='par_1_5' title="bbox 180 2637 1254 2748">
     <span class='ocr_line' id='line_1_20' title="bbox 180 2637 1254 2748; baseline 0.004 -18"><span class='ocrx_word' id='word_1_139' title='bbox 180 2657 434 2730; x_wconf 88' lang='lat' dir='ltr'>mortalitatem</span> <span class='ocrx_word' id='word_1_140' title='bbox 465 2679 549 2725; x_wconf 87' lang='lat' dir='ltr'>eum</span> <span class='ocrx_word' id='word_1_141' title='bbox 583 2679 733 2748; x_wconf 79' lang='lat' dir='ltr'>sperasse</span> <span class='ocrx_word' id='word_1_142' title='bbox 765 2659 827 2727; x_wconf 84' lang='lat' dir='ltr'>vix</span> <span class='ocrx_word' id='word_1_143' title='bbox 857 2637 1038 2747; x_wconf 81' lang='lat' dir='ltr'>putandus</span> <span class='ocrx_word' id='word_1_144' title='bbox 1060 2675 1132 2744; x_wconf 82' lang='lat' dir='ltr'>est,</span> <span class='ocrx_word' id='word_1_145' title='bbox 1251 2726 1254 2734; x_wconf 80' lang='grc'>,</span> 
     </span>
    </p>
   </div>
   <div class='ocr_carea' id='block_1_4' title="bbox 169 2763 1131 3808">
    <p class='ocr_par' dir='ltr' id='par_1_6' title="bbox 169 2763 1131 3808">
     <span class='ocr_line' id='line_1_21' title="bbox 169 2763 1130 2855; baseline -0.001 -19"><span class='ocrx_word' id='word_1_146' title='bbox 169 2765 293 2836; x_wconf 67' lang='lat' dir='ltr'>&#39;immo</span> <span class='ocrx_word' id='word_1_147' title='bbox 317 2789 402 2842; x_wconf 80' lang='lat' dir='ltr'>veto</span> <span class='ocrx_word' id='word_1_148' title='bbox 428 2787 472 2834; x_wconf 86' lang='lat' dir='ltr'>ex</span> <span class='ocrx_word' id='word_1_149' title='bbox 494 2763 645 2855; x_wconf 85' lang='lat' dir='ltr'>publicis</span> <span class='ocrx_word' id='word_1_150' title='bbox 669 2765 824 2836; x_wconf 88' lang='lat' dir='ltr'>virorum</span> <span class='ocrx_word' id='word_1_151' title='bbox 847 2763 1130 2836; x_wconf 82' lang='lat' dir='ltr'>doctissimorum</span> 
     </span>
     <span class='ocr_line' id='line_1_22' title="bbox 179 2865 1131 2974; baseline 0.003 -31"><span class='ocrx_word' id='word_1_152' title='bbox 179 2872 355 2968; x_wconf 82' lang='lat' dir='ltr'>suffragiis.</span> <span class='ocrx_word' id='word_1_153' title='bbox 377 2873 488 2945; x_wconf 88' lang='lat' dir='ltr'>Porro</span> <span class='ocrx_word' id='word_1_154' title='bbox 506 2869 571 2964; x_wconf 91' lang='lat' dir='ltr'>qui</span> <span class='ocrx_word' id='word_1_155' title='bbox 593 2873 650 2942; x_wconf 82' lang='lat' dir='ltr'>illa</span> <span class='ocrx_word' id='word_1_156' title='bbox 673 2875 897 2944; x_wconf 81' lang='lat' dir='ltr'>convenient</span> <span class='ocrx_word' id='word_1_157' title='bbox 913 2865 960 2942; x_wconf 82' lang='lat' dir='ltr'>ex</span> <span class='ocrx_word' id='word_1_158' title='bbox 978 2872 1131 2974; x_wconf 83' lang='lat' dir='ltr'>Prologo</span> 
     </span>
     <span class='ocr_line' id='line_1_23' title="bbox 180 2981 503 3072; baseline -0.006 -18"><span class='ocrx_word' id='word_1_159' title='bbox 180 2981 259 3054; x_wconf 86' lang='lat' dir='ltr'>libri</span> <span class='ocrx_word' id='word_1_160' title='bbox 271 2983 335 3062; x_wconf 4' lang='lat' dir='ltr'>llll.</span> <span class='ocrx_word' id='word_1_161' title='bbox 358 2999 378 3072; x_wconf 63' lang='lat'>4</span> <span class='ocrx_word' id='word_1_162' title='bbox 383 3009 401 3072; x_wconf 85' lang='grc'><strong><em>5</em></strong></span> <span class='ocrx_word' id='word_1_163' title='bbox 416 3021 432 3036; x_wconf 93' lang='lat'><strong>·</strong></span> <span class='ocrx_word' id='word_1_164' title='bbox 446 3005 503 3072; x_wconf 85' lang='grc' dir='ltr'>5ο.</span> 
     </span>
     <span class='ocr_line' id='line_1_24' title="bbox 227 3091 1071 3188; baseline 0.008 -28"><span class='ocrx_word' id='word_1_165' title='bbox 227 3091 411 3188; x_wconf 82' lang='lat' dir='ltr'>Suspicione</span> <span class='ocrx_word' id='word_1_166' title='bbox 432 3091 545 3185; x_wconf 83' lang='lat' dir='ltr'>siquis</span> <span class='ocrx_word' id='word_1_167' title='bbox 568 3093 689 3164; x_wconf 78' lang='lat' dir='ltr'>errabit</span> <span class='ocrx_word' id='word_1_168' title='bbox 709 3115 790 3168; x_wconf 77' lang='lat' dir='ltr'>tua,</span> <span class='ocrx_word' id='word_1_169' title='bbox 1066 3157 1071 3167; x_wconf 90' lang='lat'><em>.</em></span> 
     </span>
     <span class='ocr_line' id='line_1_25' title="bbox 228 3191 1056 3292; baseline 0.013 -30"><span class='ocrx_word' id='word_1_170' title='bbox 228 3191 273 3262; x_wconf 88' lang='lat' dir='ltr'>Et</span> <span class='ocrx_word' id='word_1_171' title='bbox 285 3195 389 3292; x_wconf 85' lang='lat' dir='ltr'>rapiet</span> <span class='ocrx_word' id='word_1_172' title='bbox 411 3194 454 3286; x_wconf 79' lang='lat' dir='ltr'>od</span> <span class='ocrx_word' id='word_1_173' title='bbox 473 3219 527 3268; x_wconf 85' lang='lat' dir='ltr'>se,</span> <span class='ocrx_word' id='word_1_174' title='bbox 547 3197 705 3290; x_wconf 73' lang='lat' dir='ltr'>proderit</span> <span class='ocrx_word' id='word_1_175' title='bbox 723 3219 884 3268; x_wconf 81' lang='lat' dir='ltr'>rommuae</span> <span class='ocrx_word' id='word_1_176' title='bbox 899 3197 1056 3274; x_wconf 76' lang='lat' dir='ltr'>mnium.-</span> 
     </span>
     <span class='ocr_line' id='line_1_26' title="bbox 227 3301 865 3386; baseline 0.008 -15"><span class='ocrx_word' id='word_1_177' title='bbox 227 3301 337 3374; x_wconf 85' lang='lat' dir='ltr'>Stulte</span> <span class='ocrx_word' id='word_1_178' title='bbox 356 3303 490 3386; x_wconf 80' lang='lat' dir='ltr'>nudebit</span> <span class='ocrx_word' id='word_1_179' title='bbox 511 3307 611 3376; x_wconf 83' lang='lat' dir='ltr'>eninrr&#39;</span> <span class='ocrx_word' id='word_1_180' title='bbox 630 3309 865 3377; x_wconf 80' lang='lat' dir='ltr'>conscientium.</span> 
     </span>
     <span class='ocr_line' id='line_1_27' title="bbox 228 3405 927 3486; baseline 0 -2"><span class='ocrx_word' id='word_1_181' title='bbox 228 3413 319 3484; x_wconf 82' lang='lat' dir='ltr'>Huic</span> <span class='ocrx_word' id='word_1_182' title='bbox 333 3430 520 3484; x_wconf 83' lang='lat' dir='ltr'>excusatum</span> <span class='ocrx_word' id='word_1_183' title='bbox 533 3414 687 3486; x_wconf 77' lang='lat' dir='ltr'>mavelim</span> <span class='ocrx_word' id='word_1_184' title='bbox 700 3405 927 3486; x_wconf 74' lang='lat' dir='ltr'>nihilominus:</span> 
     </span>
     <span class='ocr_line' id='line_1_28' title="bbox 227 3519 1123 3618; baseline 0.001 -27"><span class='ocrx_word' id='word_1_185' title='bbox 227 3519 359 3618; x_wconf 72' lang='lat' dir='ltr'>Neque</span> <span class='ocrx_word' id='word_1_186' title='bbox 353 3524 435 3590; x_wconf 86' lang='lat' dir='ltr'>enim</span> <span class='ocrx_word' id='word_1_187' title='bbox 447 3539 559 3592; x_wconf 82' lang='lat' dir='ltr'>notare</span> <span class='ocrx_word' id='word_1_188' title='bbox 582 3523 725 3616; x_wconf 83' lang='lat' dir='ltr'>singulos</span> <span class='ocrx_word' id='word_1_189' title='bbox 745 3547 831 3592; x_wconf 84' lang='lat' dir='ltr'>mens</span> <span class='ocrx_word' id='word_1_190' title='bbox 844 3542 892 3591; x_wconf 84' lang='lat' dir='ltr'>ert</span> <span class='ocrx_word' id='word_1_191' title='bbox 904 3521 1005 3598; x_wconf 83' lang='lat' dir='ltr'>milti.</span> <span class='ocrx_word' id='word_1_192' title='bbox 1100 3563 1123 3604; x_wconf 53' lang='grc' dir='ltr'><em>μ</em></span> 
     </span>
     <span class='ocr_line' id='line_1_29' title="bbox 234 3625 1101 3724; baseline 0.006 -30"><span class='ocrx_word' id='word_1_193' title='bbox 234 3625 379 3694; x_wconf 86' lang='lat' dir='ltr'>Verum</span> <span class='ocrx_word' id='word_1_194' title='bbox 366 3651 468 3724; x_wconf 77' lang='lat' dir='ltr'>ipsum</span> <span class='ocrx_word' id='word_1_195' title='bbox 486 3629 586 3698; x_wconf 85' lang='lat' dir='ltr'>vitum</span> <span class='ocrx_word' id='word_1_196' title='bbox 606 3648 637 3697; x_wconf 85' lang='lat' dir='ltr'>et</span> <span class='ocrx_word' id='word_1_197' title='bbox 650 3653 750 3697; x_wconf 86' lang='lat' dir='ltr'>mores</span> <span class='ocrx_word' id='word_1_198' title='bbox 766 3629 924 3702; x_wconf 79' lang='lat' dir='ltr'>lominum</span> <span class='ocrx_word' id='word_1_199' title='bbox 935 3630 1101 3723; x_wconf 76' lang='lat' dir='ltr'>oslendere.</span> 
     </span>
     <span class='ocr_line' id='line_1_30' title="bbox 182 3733 1129 3808; baseline 0.004 -4"><span class='ocrx_word' id='word_1_200' title='bbox 182 3733 248 3804; x_wconf 84' lang='lat' dir='ltr'>nisi</span> <span class='ocrx_word' id='word_1_201' title='bbox 264 3735 427 3805; x_wconf 85' lang='lat' dir='ltr'>omnium</span> <span class='ocrx_word' id='word_1_202' title='bbox 443 3736 606 3805; x_wconf 84' lang='lat' dir='ltr'>manibus</span> <span class='ocrx_word' id='word_1_203' title='bbox 621 3756 766 3808; x_wconf 83' lang='lat' dir='ltr'>versatos</span> <span class='ocrx_word' id='word_1_204' title='bbox 780 3739 842 3807; x_wconf 83' lang='lat' dir='ltr'>laos</span> <span class='ocrx_word' id='word_1_205' title='bbox 863 3736 1009 3807; x_wconf 85' lang='lat' dir='ltr'>Phaedri</span> <span class='ocrx_word' id='word_1_206' title='bbox 1020 3738 1129 3808; x_wconf 85' lang='lat' dir='ltr'>libel·</span> 
     </span>
    </p>
   </div>
   <div class='ocr_carea' id='block_1_5' title="bbox 183 3825 1129 4032">
    <p class='ocr_par' dir='ltr' id='par_1_7' title="bbox 183 3825 1129 4032">
     <span class='ocr_line' id='line_1_31' title="bbox 183 3825 1129 3947; baseline -0.001 -32"><span class='ocrx_word' id='word_1_207' title='bbox 183 3847 236 3915; x_wconf 88' lang='lat' dir='ltr'>los</span> <span class='ocrx_word' id='word_1_208' title='bbox 250 3843 507 3920; x_wconf 81' lang='lat' dir='ltr'>existimamus.</span> <span class='ocrx_word' id='word_1_209' title='bbox 499 3847 547 3896; x_wconf 74' lang='lat' dir='ltr'>i’“</span> <span class='ocrx_word' id='word_1_210' title='bbox 567 3825 668 3947; x_wconf 82' lang='lat' dir='ltr'>Quae</span> <span class='ocrx_word' id='word_1_211' title='bbox 691 3833 971 3943; x_wconf 81' lang='lat' dir='ltr'>Canuegieterl</span> <span class='ocrx_word' id='word_1_212' title='bbox 946 3847 1129 3916; x_wconf 76' lang='lat' dir='ltr'>coniectu·</span> 
     </span>
     <span class='ocr_line' id='line_1_32' title="bbox 215 3959 751 4032; baseline 0.008 -18"><span class='ocrx_word' id='word_1_213' title='bbox 215 3978 227 4014; x_wconf 86' lang='lat' dir='ltr'>r</span> <span class='ocrx_word' id='word_1_214' title='bbox 242 3959 314 4015; x_wconf 75' lang='lat' dir='ltr'>Dias.</span> <span class='ocrx_word' id='word_1_215' title='bbox 323 3960 355 4026; x_wconf 68' lang='lat' dir='ltr'>de</span> <span class='ocrx_word' id='word_1_216' title='bbox 368 3961 429 4018; x_wconf 78' lang='lat' dir='ltr'>Aet.</span> <span class='ocrx_word' id='word_1_217' title='bbox 442 3971 467 4016; x_wconf 83' lang='lat' dir='ltr'>et</span> <span class='ocrx_word' id='word_1_218' title='bbox 479 3962 541 4019; x_wconf 80' lang='lat' dir='ltr'>Stilo</span> <span class='ocrx_word' id='word_1_219' title='bbox 553 3963 682 4032; x_wconf 78' lang='lat' dir='ltr'>Aviauip·</span> <span class='ocrx_word' id='word_1_220' title='bbox 691 3979 751 4030; x_wconf 79' lang='lat'>²70</span> 
     </span>
    </p>
   </div>
   <div class='ocr_carea' id='block_1_6' title="bbox 0 0 1460 4786">
    <p class='ocr_par' dir='ltr' id='par_1_8' title="bbox 0 0 1460 4786">
     <span class='ocr_line' id='line_1_33' title="bbox 0 0 1460 4786; baseline 0 4"><span class='ocrx_word' id='word_1_221' title='bbox 0 0 1460 4786; x_wconf 95' lang='lat' dir='ltr'> </span> 
     </span>
    </p>
   </div>
  </div>
 </body>
</html>
