2750 4782
738 159 744 194 l

240 356 247 378 .
350 439 408 486 200
564 419 822 512 o1ours11
849 419 1085 486 ctrours

798 578 842 643 ΙΙ.

349 695 425 757 Plus
438 691 540 776 vigila
549 709 695 774 semper,
707 712 770 756 nec
782 709 900 755 somno
910 689 1037 752 deditus
1054 700 1150 754 esto:

349 799 434 858 Nam
441 795 598 858 diuturna
612 795 705 876 quies
719 794 807 858 vitiis
818 793 975 858 alimenta
990 793 1180 860 ministrat.

700 951 702 955 >
796 891 853 978 iu.

350 1032 514 1098 Virtutem
527 997 674 1116 piimam
683 1047 752 1092 esse
766 1039 861 1111 puta,
873 1045 1080 1110 compescere
1092 1027 1290 1115 linguam:

352 1139 525 1204 Proximus
536 1138 594 1202 ille
605 1139 677 1200 Deo
688 1143 747 1216 est,
760 1133 817 1223 qui
826 1131 887 1196 scit
899 1131 1026 1212 raliope
1038 1142 1164 1196 tacere.

795 1253 852 1316 lv.

353 1368 478 1452 Sperne
491 1338 709 1455 repugnando
718 1363 777 1432 uhi
792 1373 826 1426 tu
842 1362 1026 1428 contrarius
1038 1381 1123 1426 esse:

354 1473 534 1536 Conveniet
547 1471 647 1554 nulli,
659 1470 718 1552 qui
732 1487 843 1536 secum
856 1467 987 1535 dissidet
1000 1465 1083 1551 ipse.

807 1591 848 1651 V.

329 1769 336 1778 ,
354 1701 390 1770 Si
402 1703 504 1767 vitam
518 1700 687 1786 inspicias,
697 1673 874 1766 homiuum
888 1675 916 1766 si
927 1700 1068 1782 denique
1085 1721 1221 1782 morem

354 1813 439 1874 Cum
449 1813 582 1895 culpant
593 1808 692 1894 alios,
704 1831 804 1876 nemo
814 1812 884 1874 sine
897 1808 1035 1874 crimine
1045 1807 1140 1872 vivit.

663 1977 677 2016 ,
801 1925 857 1988 VI.

356 2038 450 2120 Quae
463 2036 612 2101 nocitura
629 2045 736 2116 tenes,
748 2036 898 2115 quamvis
914 2036 980 2098 sint
994 2048 1083 2116 cara,
1096 2033 1272 2118 relinque:

356 2143 487 2204 Utilitas
499 2143 615 2225 opibus
629 2139 791 2224 praeponi
807 2149 953 2223 tempore
965 2141 1073 2203 dehet.

795 2262 868 2324 VII.
927 2275 936 2284 ’

357 2377 514 2444 Constans
524 2375 555 2438 el
566 2373 711 2452 lenis‚ut
722 2394 773 2438 res
786 2375 985 2458 expostulat,
999 2384 1086 2438 esto:
1348 2387 1349 2482 p

356 2478 574 2564 Temporibus
586 2501 693 2544 mores
703 2481 833 2566 sapiens
847 2479 918 2544 siue
931 2478 1068 2546 erimine
1084 2489 1209 2547 mutat.
1348 2489 1349 2554 l

788 2605 876 2670 VIII.

355 2713 412 2776 Nil
425 2720 544 2776 temere
560 2714 657 2779 uxori
667 2717 708 2777 de
722 2715 824 2778 servis
835 2702 932 2779 erede
942 2719 1108 2798 querentis

355 2819 459 2898 Saepe
470 2815 593 2902 etenim
609 2815 745 2900 mulier,
756 2839 855 2900 quem
869 2818 990 2884 coniux
1000 2819 1124 2908 diligit,
1133 2823 1222 2886 odit.

534 3021 537 3026 ,
802 2936 859 3000 lx.

357 3048 441 3108 Cum
454 3065 587 3112 moneas
599 3048 758 3130 aliquem,
769 3069 831 3112 nec
843 3069 877 3112 se
889 3050 968 3112 velit
980 3049 1038 3114 ille
1053 3051 1212 3132 moneri3

356 3148 391 3212 Si
405 3149 464 3213 tibi
476 3152 516 3214 sit
530 3171 637 3234 carus,
651 3152 722 3238 noli
735 3147 887 3218 desistere
903 3152 1037 3238 coeptis.
1114 3143 1118 3152 ’

465 3359 473 3366 .
647 3327 651 3339 ¹
717 3348 728 3362 =
809 3274 850 3336 x.

274 3365 279 3372 ’
357 3376 479 3438 Contra
486 3379 643 3454 ,verbosos
657 3381 729 3444 noli
742 3385 939 3448 contendere
950 3383 1074 3448 verbis:

285 3531 290 3550 .
336 3517 338 3522 -
355 3477 470 3539 Sermo
479 3477 576 3538 datur
586 3479 709 3544 cunetis
715 3481 839 3562 ,enimi
849 3486 1009 3567 supientia
1022 3482 1149 3568 paucis.

684 3595 686 3602 ’
765 3599 856 3663 ·ΧΙ.

356 3706 467 3794 Dilige
478 3707 524 3772 sic
533 3707 630 3790 elios,
641 3717 678 3770 ut
691 3709 733 3772 sis
747 3710 806 3773 tibi
818 3733 912 3778 carus
925 3713 1065 3778 amicus:

238 3829 244 3842 ⁸
357 3815 409 3880 Sic
422 3819 529 3884 bonus
542 3830 609 3884 esto
620 3820 729 3904 boun,
742 3841 783 3886 ne
797 3831 828 3886 te
839 3825 928 3892 mala
937 3827 1059 3890 damna
1069 3832 1259 3906 sequnntur.
