2910 4786
370 421 467 478 exva
551 399 801 472 NOTITIA
826 400 1135 474 LITERARlA

488 575 552 636 est,
568 578 604 626 ut
620 580 769 644 nunquan
783 560 844 624 iere
857 581 875 623 a
892 559 1067 622 lectionibus
1079 577 1214 623 veterurn
1229 561 1326 625 Codi-

489 661 575 718 cum,
591 643 648 706 nisi
665 645 713 705 ubi
729 659 813 724 error
827 643 1012 704 librariorum
1036 639 1208 706 manifestus
1222 643 1325 726 depre-

490 723 684 798 henderetur,
702 724 757 785 sibi
773 722 970 786 recedendum
988 739 1053 784 esse
1072 739 1197 804 putaret.
1219 724 1325 800 Notis,

490 805 654 866 creditoris
668 805 879 867 cotnnrentario
893 803 1025 886 pleniore
1037 803 1191 877 desurntis,
1205 807 1323 886 egregie

491 885 651 946 illustratur
668 888 770 962 po'e'ra:
787 904 864 966 quae
883 884 1002 966 quidem
1024 884 1063 944 ita
1086 886 1213 965 scriptae
1235 903 1322 961 sunr,

490 983 524 1025 ut
551 967 624 1026 aliae
650 963 788 1042 Criticis,
819 965 891 1027 aliae
916 964 1142 1039 Literaroribus,
1167 966 1325 1028 nonnullae

489 1046 577 1107 etiam
598 1039 748 1108 'tironibus
768 1045 885 1128 placere
903 1045 1025 1129 possint.
1045 1045 1157 1106 Textui
1176 1045 1324 1126 praefixae

490 1138 559 1187 sunt
576 1123 795 1208 Disputationes
806 1125 860 1188 lll.
877 1129 915 1188 de
930 1125 1000 1188 Vita
1011 1172 1020 1201 ,
1032 1125 1153 1188 Fabulis
1164 1143 1195 1188 et
1213 1124 1324 1188 Editio·

488 1206 574 1268 nibus
588 1205 719 1270 Phaedri.
893 1208 895 1214 ’

294 1321 296 1326 -
368 1285 646 1369 --lrnproved
661 1287 741 1348 Latin
758 1285 983 1370 Orthograpby.
1001 1286 1164 1361 Phaedrus,
1178 1305 1214 1350 or
1227 1285 1323 1350 Phae·

488 1370 575 1442 dros,
596 1367 698 1429 Fables
711 1370 741 1428 in
751 1368 852 1440 Latin,
865 1368 984 1449 adapted
996 1386 1027 1429 to
1041 1368 1090 1430 the
1108 1368 1169 1428 Use
1186 1367 1223 1428 of
1231 1367 1323 1430 Lear-

489 1466 554 1509 ners
570 1449 624 1508 and
642 1451 762 1521 others,
778 1450 819 1530 by
836 1467 918 1510 sonte
930 1450 1050 1530 Change
1067 1449 1096 1508 in
1109 1447 1157 1509 the
1173 1447 1320 1530 spelling,

489 1525 1323 1610 togetherwithadditionalVowelcharactersandMarics

488 1627 534 1671 etc.
553 1609 640 1690 being
652 1610 784 1673 Volunte
800 1611 849 1671 the
869 1609 933 1670 first
950 1610 987 1673 oi
998 1612 1046 1671 the
1065 1607 1149 1670 Latin
1169 1611 1321 1686 Anthors,

488 1690 584 1753 which
593 1690 630 1750 all
640 1707 689 1760 are
696 1689 829 1752 intended
841 1691 881 1770 by
892 1692 941 1752 the
954 1692 1054 1753 Editor
1067 1708 1099 1751 to
1113 1691 1153 1768 by
1166 1691 1321 1771 published

488 1769 686 1850 successively
707 1772 736 1831 in
751 1771 961 1833 said‘Manner.
978 1771 1028 1852 By
1044 1773 1075 1832 S.
1091 1770 1127 1832 B.
1141 1773 1183 1833 A.
1195 1771 1231 1831 B.
1245 1773 1321 1832 Lon·

489 1855 550 1912 don.
567 1853 681 1913 Debrttt.
701 1849 729 1913 8.
927 1855 932 1864 ’

325 1924 328 1930 ’
371 1932 449 2016 ¹787
484 1929 1028 2075 Ξὴιῗίάτξᾇεὴιυῑειεδεεῐὶεῑζιε·Χῖῐῐ..
1042 1931 1194 2074 ln8chd3t.
1210 1932 1319 1994 Gortlob

515 2035 554 2072 roe
573 2035 608 2072 en
662 2030 748 2074 cnont
771 2032 805 2074 us
840 2031 933 2075 attnts.
1004 2033 1067 2074 rrae.
1109 2031 1177 2074 ntar.
1444 2049 1445 2058 κ

367 2093 610 2156 -Phaedr't
623 2093 800 2156 Fabulatunt
816 2094 896 2156 Libri
909 2094 950 2158 V.
964 2037 1209 2174 literpretarione
1221 2109 1252 2154 et
1262 2111 1320 2158 no·
1444 2077 1445 2086 ἵ

488 2175 527 2237 ris
546 2173 703 2236 illustravit
725 2175 795 2236 Perr.
807 2179 900 2238 Danet
914 2175 945 2235 in
964 2194 1050 2237 usum
1064 2173 1213 2255 Delphini.
1234 2175 1320 2236 Vene-

430 2277 443 2305 1
488 2256 543 2318 riis.
556 2275 634 2330 4.-
648 2254 742 2317 Editio
755 2255 975 2338 elegantissima.

368 2336 609 2398 -Phaedri
619 2333 754 2398 Fabulae.
773 2333 817 2397 Ex
829 2336 1001 2400 recensione
1016 2336 1050 2396 P.
1065 2335 1217 2398 Burmanni
1223 2381 1235 2408 ,
1247 2339 1316 2398 cuin

488 2417 568 2480 notis
581 2417 794 2480 selectiotibus.
811 2417 908 2480 Editio
923 2417 1101 2492 novissima,
1121 2431 1152 2479 et
1169 2434 1206 2477 ex
1218 2416 1318 2478 orani-

485 2498 682 2640 buspaptibus
698 2517 787 2580 quam
800 2499 1011 2581 pulcherrirna,
1021 2516 1087 2561 curn
1101 2495 1172 2580 figg.
1181 2514 1247 2560 aen.
1262 2500 1317 2560 Vt-

487 2598 573 2640 neno.
613 2625 620 2639 .

367 2657 611 2719 ——Phaedri
622 2657 796 2720 Fabularunr
805 2659 915 2740 Aesop.
927 2656 1005 2721 Libri
1016 2656 1058 2720 V.
1070 2675 1100 2723 et
1112 2675 1256 2720 novarum
1269 2656 1316 2718 fa-

448 2737 449 2744 '
486 2737 622 2798 bularum
635 2739 802 2821 Appendix.
824 2737 934 2812 Halae,
947 2740 1067 2822 impensis
1083 2739 1316 2822 orphanotrophi.

280 2941 282 2946 -
372 2895 447 2980 1788
487 2835 609 2960 Phaedri
625 2897 752 2962 Fabulae
769 2889 903 2964 selectae.
914 2918 916 2924 ¹
929 2897 987 2961 Mit
1006 2900 1235 2982 Annrerltungen
1255 2900 1314 2962 und

486 2975 581 3038 einern
597 2978 826 3062 vollstaendigen
839 2982 1052 3062 Wortregister
1061 2980 1252 3044 ftirSchulen.
1263 2980 1312 3040 Br-

487 3057 582 3201 Ζξέἰ,
594 3063 666 3143 apud
675 3061 745 3120 Prtir
757 3080 783 3123 rt
798 3062 919 3124 Schoent.
933 3063 961 3125 8.
969 3096 1003 3110 -
1013 3063 1118 3126 Editor
1128 3079 1172 3126 est
1185 3061 1232 3124 Cl.
1243 3061 1315 3124 Ioer-

252 3271 255 3286 .
368 3218 608 3282 r--Phaedri
623 3213 794 3284 Fabularunt
807 3223 888 3285 libri
904 3224 944 3286 V.
956 3221 1046 3287 Nova
1062 3223 1174 3299 editio,
1193 3222 1244 3286 cui
1258 3240 1314 3285 ac·

488 3315 638 3362 cesserunt
650 3303 746 3366 Notae
757 3303 905 3380 Gallicae,
923 3304 954 3366 P.
970 3305 1041 3386 Syri
1057 3321 1088 3365 et
1104 3307 1226 3370 aliorum
1242 3303 1314 3365 Sen·
1346 3335 1352 3346 ·

485 3379 610 3456 tentiae,
629 3401 681 3444 nec
698 3402 758 3446 non
768 3384 888 3464 fabulae
903 3385 1054 3467 parallelae
1074 3383 1121 3447 lo.
1139 3383 1215 3448 dela
1229 3384 1312 3447 Fon·

487 3461 576 3523 taine.
596 3462 726 3537 Parisiis,
737 3487 780 3546 ap.
795 3465 879 3527 Paul.
892 3467 1012 3546 Dionys.
1022 3469 1131 3531 drocas.
1147 3483 1193 3527 12.

369 3557 447 3622 ¹790
486 3542 633 3604 ductores
651 3542 744 3605 Latini
755 3545 900 3621 minores,
921 3547 950 3608 in
966 3567 1053 3615 usum
1074 3546 1243 3609 Scholarunt
1260 3543 1313 3604 ad·

486 3622 550 3683 ditis
572 3625 650 3684 notis
665 3627 734 3685 editi
753 3626 835 3705 (cur.
851 3628 882 3688 C.
902 3629 942 3688 H.
967 3625 1266 3709 anabathmon.
1285 3623 1311 3686 Ι.

485 3703 621 3779 Misenus,
636 3705 755 3789 impensis
777 3707 806 3766 C.
825 3709 860 3768 F.
875 3708 910 3770 G.
929 3708 1070 3770 Erbstrr'ni'
1092 3728 1137 3767 ta.
1149 3739 1191 3754 -
1205 3705 1312 3768 Conli-

485 3801 592 3845 nentnr
609 3785 668 3847 hoc
682 3786 835 3848 volumine
871 3806 963 3850 taeter
973 3729 1096 3850 rabulas
1107 3787 1311 3850 Avianierec.

436 3903 440 3912 ·
485 3861 701 3948 Cannegieteri,
722 3865 814 3934 Dion.
831 3808 953 3938 (fitonis
972 3867 1106 3932 Disticha
1122 3869 1160 3932 de
1180 3867 1313 3957 ptoribus
