2848 4792
326 408 367 482 rs
527 375 744 474 ruinosi
770 396 1076 458 rtuuutuun

326 548 470 607 Domum
488 541 642 624 potitam,
662 548 693 601 et
706 533 860 601 delicatos
874 538 1033 600 hortulos.

326 652 379 714 sic
392 650 549 714 destinata
564 650 641 710 dare
657 667 731 708 oum
749 645 847 706 veliet
863 643 1019 728 singulis,

327 757 366 819 Et
376 755 570 837 approbaret
581 753 737 833 populus,
755 747 813 828 qui
827 747 899 810 ilias
916 756 1069 830 noverat,

325 858 471 937 Aesopus
486 854 594 916 media
603 851 711 915 subito
724 851 760 912 in
772 854 866 914 turba
877 849 1035 914 constitit:

328 964 358 1024 Ο
374 961 402 1026 si
416 970 559 1023 maneret
574 961 706 1025 condito
718 981 830 1025 sensus
842 959 946 1043 patri,
1238 962 1293 1022 ³0

326 1075 435 1156 Quam
450 1071 593 1157 graviter
603 1071 717 1151 ferret,
729 1071 820 1152 quod
833 1071 1034 1132 voluntatem
1047 1089 1141 1134 suam
1190 1126 1194 1134 .

299 1243 305 1250 ,
326 1177 537 1258 Interpretari
551 1198 618 1240 non
630 1178 808 1261 potuissent
821 1176 919 1242 Attici
933 1180 941 1238 t

324 1283 471 1367 Rogatus
485 1278 618 1362 deinde,
634 1280 733 1345 solvit
747 1299 893 1342 errorem
905 1277 1064 1342 omniunt.

326 1385 470 1446 Domum
488 1396 520 1447 et
540 1395 748 1467 ornamenta„
768 1405 844 1456 cum
853 1383 1000 1449 venustis
1010 1381 1163 1464 hortulis,

325 1489 364 1550 Et
377 1488 453 1551 vina
466 1500 573 1576 uetera
585 1492 659 1552 date
668 1488 818 1553 lanificae
830 1489 986 1553 rusticae.-
1235 1488 1276 1550 ³5

325 1593 473 1672 Vestem,
487 1593 641 1674 uniones,
657 1593 868 1676 pedisequos,
882 1604 913 1657 et
928 1603 1038 1657 uetere

325 1689 380 1766 Itti
392 1691 568 1776 assignate,
581 1691 682 1754 vitam
693 1713 778 1772 quoe
792 1696 872 1758 luxu
887 1693 1002 1756 trahite

326 1798 447 1881 Agros,
463 1795 560 1878 vites,
573 1805 604 1864 et
614 1816 734 1881 peoora
745 1819 818 1862 cum
830 1799 1016 1882 pastoribus

326 1901 453 1962 Donate
464 1903 629 1964 moechae.
642 1903 740 1964 Nulla
752 1903 871 1986 poterit
881 1903 1028 1986 perpeti,

327 2007 370 2067 Ut
386 2006 532 2070 moribus
548 2008 629 2088 quid
644 2019 751 2108 teneat
764 2009 910 2072 alienum
921 2009 996 2074 suis.
1232 2024 1271 2086 so

326 2108 489 2172 Deformis
505 2111 628 2172 cultum
640 2113 770 2192 vendet,
789 2121 825 2173 ut
842 2113 959 2178 vinum
971 2120 1084 2194 paret:

204 2214 208 2226 '
326 2215 430 2298 Agros
443 2214 572 2278 abiiciet
588 2219 741 2299 moeoha,
754 2227 790 2283 ut
804 2231 958 2282 ornatum
972 2229 1081 2302 paret:

326 2325 366 2381 At
379 2319 437 2382 illa
450 2324 594 2408 gaudens
609 2342 740 2404 pecore,
760 2331 792 2386 et
807 2325 903 2386 tanae
919 2322 1045 2402 dedita,

327 2427 529 2508 Quocunque
544 2447 671 2505 summa
688 2430 792 2491 tradet
807 2427 958 2490 luxuriae
976 2430 1120 2492 domurn·

326 2528 379 2590 Sic
395 2532 487 2592 nulla
502 2530 696 2613 possidebit,
712 2531 800 2610 quod
815 2529 912 2592 fuerit
930 2531 1060 2609 datum,
1232 2529 1270 2605 45

327 2632 367 2692 Et
384 2633 504 2694 dictam
519 2633 614 2694 matri
628 2634 796 2696 conferent
810 2631 984 2716 pecuniam

326 2733 375 2799 Ex
383 2735 490 2815 pretio
508 2754 634 2813 rerum,
651 2753 731 2814 ques
745 2735 950 2808 vendiderint
968 2734 1125 2820 singulae.

367 2839 434 2919 Ita,
447 2841 536 2920 quod
550 2838 728 2900 multorum
741 2839 827 2924 fugit
840 2838 1112 2924 imprudentiam,

327 2945 432 3008 Unius
443 2944 587 3008 hominis
598 2944 720 3028 reperit
736 2943 878 3008 solertia.

585 3124 1094 3218 renuitve*

443 3291 580 3371 sunni
607 3318 771 3371 numun
800 3319 849 3370 ss
875 3317 1163 3372 nusrstnnun.

325 3425 430 3538 Cum
442 3471 519 3534 victi
531 3454 640 3533 Mures
654 3473 864 3536 Mustelarum
877 3473 1020 3536 exercitu

314 3569 343 3653 ⁸(
352 3571 495 3634 Historia
508 3591 648 3652 quorum
662 3573 696 3636 in
711 3577 852 3640 tabernis
865 3575 1033 3660 pingitur)

328 3681 506 3762 Fugerent,
519 3689 549 3742 et
559 3692 645 3744 artos
657 3682 779 3746 circum
793 3686 991 3766 trepidarent
1002 3701 1115 3765 cavos;

328 3781 433 3866 Aegre
450 3782 590 3869 recepti,
606 3793 715 3848 tamen
729 3794 899 3852 evaserunt
915 3803 1042 3850 necem.
