2750 4782
363 447 418 507 111
564 443 822 536 11011111
850 441 1111 510 11101110

357 589 468 652 Turba
480 597 603 671 stupet:
621 587 803 650 Praefectus
815 589 917 667 adest,
933 587 1106 668 Equitique
1117 592 1305 672 moranti

281 745 284 752 ,
399 696 557 776 Imperat,
573 704 609 754 ut
622 701 762 780 pugnet,
772 702 829 759 aut
839 705 1008 774 superatus
1018 703 1080 755 eat.

360 801 480 863 Haeret
491 799 605 878 Eques.
625 798 807 860 Praefectus
819 797 878 879 ait,
892 801 940 860 Te
950 798 1027 860 vicit
1041 809 1179 864 arator:

401 907 515 986 Pugna
531 901 628 964 cadit.
646 900 730 984 Regi
742 901 898 984 panditur
911 903 994 964 ordo
1007 902 1065 964 rei.
1312 927 1347 987 yn

314 1023 321 1042 f
359 1009 431 1070 Rex
442 1005 506 1068 ait:
522 1004 664 1068 Incisurn
678 1024 778 1081 nova,
798 1005 963 1075 Praesente
971 1051 981 1086 ,
994 1007 1169 1085 duellum,

402 1110 551 1171 Dedecus
567 1110 721 1189 explanet
734 1105 807 1188 ille,
825 1108 879 1169 vel
894 1107 952 1170 ille
969 1127 1073 1176 suum.

361 1215 474 1298 Pugna
485 1210 584 1288 redit,
603 1209 760 1289 milesque
772 1211 879 1291 sedet,
894 1210 985 1272 velut
997 1220 1072 1272 ante
1089 1213 1251 1276 sedebat.

401 1317 522 1399 Surge,
534 1315 696 1378 bubulcus
707 1313 761 1375 ait.
775 1315 848 1374 Non
867 1313 960 1393 volo,
972 1312 1133 1401 mitescit.

361 1417 548 1498 Cultor‘ait,
559 1419 646 1480 Dum
657 1432 742 1482 stare
754 1437 872 1503 negas,
893 1435 954 1502 ego
968 1429 1053 1478 stare
1068 1437 1202 1481 recuso.
1295 1422 1329 1500 7⁵

400 1529 541 1608 Surgere
553 1525 581 1588 si
596 1537 714 1605 tentas,
728 1545 862 1609 surgere
876 1535 1024 1606 promtus
1038 1547 1106 1588 ero.

361 1633 468 1696 Ambo
481 1632 610 1694 sedent:
623 1629 706 1692 ridet
715 1632 877 1712 populus,
890 1633 1084 1712 Praesesque
1095 1629 1248 1700 bubulco

400 1742 547 1818 Intonat,
567 1739 630 1798 Aut
642 1755 784 1821 pugnes,
798 1747 855 1798 aut
868 1737 962 1823 fuge3
983 1747 1110 1820 ternpus
1125 1741 1209 1804 abit.

314 1891 316 1898 ·
360 1850 476 1912 Cultor
487 1845 550 1924 ait,
562 1845 699 1928 surgat:
717 1843 862 1922 caderet,
880 1841 909 1904 si
925 1863 1057 1928 surgere
1074 1841 1184 1906 velletss

402 1954 554 2030 Percute,
570 1946 773 2023 Praesesait,
792 1957 944 2028 percute,
963 1959 1072 2033 surget
1087 1953 1217 2032 Eques3
1277 1955 1313 2014 80

361 2055 410 2116 Te
420 2055 510 2115 decet
519 2063 574 2113 atrt
585 2051 681 2116 illurn
692 2048 771 2112 victi
779 2049 842 2112 sibi
852 2069 976 2133 ponere
990 2073 1120 2116 nomen.

294 2189 298 2195 ,
403 2161 476 2220 Hoc
489 2155 572 2218 mihi
587 2175 654 2216 non
672 2173 794 2236 ponam
811 2173 949 2236 nomen,
962 2166 1071 2218 arator
1081 2155 1135 2218 ait.

330 2304 337 2322 .
362 2267 480 2350 Surgo,
496 2277 607 2348 surge,
622 2259 736 2339 miser3
752 2281 830 2324 nam
846 2270 938 2345 turpe
950 2263 1049 2326 ferire
1057 2265 1229 2332 sedentem

402 2371 457 2432 Est
469 2365 565 2448 mihi,
584 2365 690 2454 sitque
703 2366 760 2428 tibi
776 2376 889 2449 turpe,
900 2367 1045 2430 sedendo
1063 2369 1155 2433 mori.

362 2479 416 2544 Sic
429 2476 490 2556 ait,
502 2485 534 2538 et
548 2473 699 2535 timidum
714 2473 850 2534 mutent:
865 2483 958 2558 rogat
969 2472 1027 2535 iste
1037 2473 1217 2560 furentem,
1275 2480 1304 2540 u

404 2581 504 2640 Parce
518 2573 600 2636 mihi
617 2573 717 2653 victe,
734 2573 902 2655 supplico,
916 2569 1021 2638 victor
1035 2574 1099 2638 abi.

364 2683 462 2747 Laeta
475 2690 574 2742 novat
587 2679 717 2741 fortuna
730 2699 856 2754 senem3
870 2679 956 2744 senis
967 2679 1081 2744 unicus
1090 2681 1186 2744 heres

403 2779 579 2862 Scribitur,
594 2792 627 2842 et
641 2781 757 2866 dignas
769 2780 869 2844 intrat
880 2795 991 2846 arator
1004 2803 1092 2864 opes.

357 2886 418 2952 'Ius
427 2891 560 2968 superat
574 2883 674 2965 vires,
690 2904 760 2948 sors
774 2903 887 2966 aspera
904 2896 1061 2949 monstrat
1078 2883 1233 2949 amicum.

403 2992 479 3054 Plus
495 2991 620 3053 confert
632 2988 709 3052 odio
728 2991 846 3076 gratia,
861 2991 977 3055 fraude
992 2990 1082 3056 fide.
1270 3017 1301 3078 ⁹⁰

770 3095 791 3140 1
830 3140 850 3183 ⁶
890 3100 911 3142 1
958 3091 960 3094 ’

362 3199 442 3268 Fine
455 3200 521 3280 sui,
533 3184 636 3274 'versu
647 3202 800 3288 gemino,
816 3207 907 3285 quod
918 3205 1077 3289 continet,
1090 3210 1200 3306 amnis

291 3407 293 3414 ,
403 3315 527 3376 Fabula
539 3313 698 3400 declarat,
717 3308 837 3418 datque
846 3321 938 3401 quod
949 3319 1037 3388 intus
1047 3323 1155 3385 habet.

707 3587 962 3613 -η-ι-
