2848 4792
315 465 353 524 62
515 456 739 522 PHAEDRI
760 456 1076 554 FABULARUM¹

587 673 888 750 FABULA
938 677 982 752 V.

514 851 1082 908 sennua-Eunusr1cus.'

284 1073 286 1083 ,
313 978 446 1090 parvo
460 1019 572 1085 favore
585 1018 655 1082 labi
670 1022 822 1083 mortales
838 1021 963 1102 solent,

311 1131 367 1209 Et,
379 1147 440 1210 pro
450 1123 573 1188 iudicio
589 1124 668 1184 dum
680 1129 765 1184 stant
778 1121 898 1185 erroris
908 1123 975 1206 sui,

311 1232 364 1296 Ad
375 1229 609 1314 poenitendum
620 1209 716 1292 rebus
724 1227 904 1291 manifestis
916 1229 980 1314 agi.

351 1341 506 1400 Facturus
517 1337 614 1399 ludos
629 1333 720 1398 dives
736 1334 871 1416 quidam
889 1343 921 1396 et
934 1332 1070 1417 nobilis,

271 1434 273 1440 ¹
311 1440 482 1522 Proposito
499 1449 631 1504 cunctos
646 1437 796 1516 invitavit
808 1439 973 1522 praemio,
1240 1442 1258 1502 ⁵

311 1547 420 1628 Quam
429 1542 565 1624 quisque
578 1553 700 1624 posset,
715 1553 751 1605 ut
766 1543 943 1608 novitatem
958 1545 1149 1610 ostenderet.

307 1650 439 1712 Venere
452 1645 590 1710 artifices
605 1647 712 1710 laudis
723 1648 765 1710 ad
782 1649 978 1712 certamina:

311 1756 402 1837 Quos
418 1753 501 1813 inter
515 1754 649 1834 Scurra,
665 1753 903 1820 notnsaurbano
920 1753 1001 1833 sale,

309 1859 440 1926 Habere
453 1857 533 1918 dixit
546 1877 580 1920 se
592 1877 696 1942 genus
710 1856 906 1940 spectaculi,

310 1963 408 2044 Quod
421 1961 457 2022 in
468 1963 593 2024 theatro
608 1980 778 2040 nunquam
793 1962 959 2042 prolatum
975 1958 1068 2022 foret.
1202 1981 1254 2038 ¹ro

296 2065 480 2147 ,Dispersus
497 2084 611 2127 rumor
629 2064 794 2128 civitatem
810 2064 964 2128 concitat:

308 2171 412 2233 Paulo
429 2179 504 2231 ante
519 2188 623 2231 vacua
637 2173 766 2232 turham
781 2169 936 2234 deficiunt
950 2172 1032 2232 loca.

309 2277 349 2337 ln
364 2292 460 2338 scena
477 2295 556 2337 vero
573 2286 745 2357 postquam
762 2277 850 2340 solus
865 2273 1022 2356 constitit„

308 2377 384 2440 Sine
400 2389 578 2461 apparatu,
595 2378 695 2442 uultis
712 2377 932 2460 adiutoribus,

309 2483 481 2548 Silentium
498 2484 569 2566 ipsa
580 2482 656 2545 feeit
670 2483 874 2566 exspectatio.

306 2587 369 2648 llle
385 2586 420 2648 in
434 2585 542 2648 sinum
560 2597 692 2668 repente
711 2585 839 2648 demisit
856 2593 969 2668 caput,

307 2689 347 2750 Et
360 2687 404 2750 sic
418 2687 555 2770 porcelli
572 2709 684 2750 vocem
699 2699 745 2751 e'st
764 2689 908 2752 imitatus
922 2691 997 2771 suis,

307 2793 431 2856 Verum
442 2801 479 2854 ut
490 2792 620 2854 subesse
634 2793 737 2874 pallio
750 2797 999 2876 contenderent,

305 2899 346 2962 Et
361 2900 469 2962 excuti
482 2898 641 2963 iuberent.
661 2904 735 2984 Quo
750 2902 851 2982 facto,
865 2900 962 2964 simul

264 3006 268 3014 '
305 3005 395 3069 Nihil
413 3016 459 3068 est
477 3013 657 3087 repertum,
677 3004 786 3068 multis
800 3013 944 3090 ¹onerant
958 3000 1125 3085 laudibus,
1212 3017 1252 3064 2⁰

303 3110 545 3191 Hominemque
562 3112 676 3192 plausu
694 3120 938 3193 prosequuntur
952 3107 1104 3170 maximo.

256 3217 259 3226 “
302 3216 377 3278 Ηοο
393 3216 474 3278 vidit
491 3215 562 3278 fieri
579 3219 737 3280 Rusticus.
754 3221 826 3292 Non
844 3216 1029 3277 mehercule

205 3379 210 3388 ,
302 3321 358 3382 Me
367 3317 493 3396 uincet,
515 3318 637 3398 inquit:
657 3333 688 3382 et
703 3321 808 3384 statim
829 3321 990 3403 professus
1005 3327 1069 3402 est,

302 3421 394 3483 Idem
408 3422 570 3486 facturum
588 3427 703 3488 melius
715 3447 750 3488 se
761 3429 925 3509 postridie.
993 3480 997 3486 .
1081 3423 1086 3434 '

296 3526 354 3592 -Fit
370 3529 463 3588 turha
480 3526 595 3588 maior.
614 3529 679 3590 lam
695 3530 789 3593 favor
805 3545 927 3594 mentes
943 3542 1044 3614 tenet,
1210 3529 1248 3590 25

301 3631 342 3694 Et
357 3630 508 3709 derisuri,
528 3649 595 3692 non
613 3633 804 3712 spectaturi,
822 3639 944 3698 sedent.

272 3764 276 3776 ¹
301 3737 445 3816 Uterque
459 3735 576 3817 prodit.
588 3738 704 3830 Scurra
715 3740 889 3824 degrunnit
908 3739 1015 3822 prior,

254 3871 260 3889 ·
301 3841 477 3922 Movetque
489 3841 638 3929 plausus,
651 3853 684 3906 et
702 3845 859 3912 clamores
871 3843 1012 3911 suscitat.
