2750 4782
389 425 755 491 SENTENTIAE.
794 447 826 491 ε.
848 444 916 504 24²·
997 439 1052 510 ηε

94 573 235 634 Frustra
252 577 400 661 rogatur,
414 567 471 648 qui
486 567 632 630 misereri
647 587 713 628 non
725 575 838 648 potest.

93 682 207 766 Furor
223 677 259 740 fit
278 680 365 762 laesp
382 675 512 758 saepius
530 675 697 757 patientia:
718 674 739 728 ”.
804 665 809 674 ’

95 789 225 849 Futura
238 795 404 872 pugnant,
419 805 460 846 ne
472 803 508 846 se
521 781 669 864 superari
678 779 804 844 ¹sinant.

98 935 287 1052 Gaurum
304 983 490 1060 peecatum,
507 977 605 1054 quem'
622 973 732 1037 delicti
749 994 820 1058 non
834 975 945 1057 pudet.

98 1084 251 1150 Gemitus
264 1087 394 1146 dotores
409 1071 546 1161 indicat,
567 1100 634 1155 non
651 1063 805 1142 vindicat.

98 1191 211 1254 Gr'ave
229 1190 377 1273 crimem,
386 1189 484 1252 etiam
498 1208 573 1250 cum
587 1186 702 1263 leviter
713 1167 912 1270 dictumest,
927 1201 1050 1262 nocet.v
1122 1220 1125 1240 .

98 1297 212 1358 Grave
222 1293 378 1384 iurlicium
392 1301 456 1372 est,
469 1291 560 1372 quod
571 1287 809 1372 praeiuditium
822 1313 892 1376 non
906 1297 1014 1358 habet.
1064 1296 1066 1302 ’
1094 1325 1112 1338 -

100 1405 214 1465 Grave
225 1397 463 1482 praeiudicium
476 1406 539 1474 est,
555 1397 644 1475 quod
658 1393 817 1456 iudIcium
829 1378 1014 1463 nonhabet.

99 1511 221 1573 Gravis
230 1508 334 1572 animi
346 1527 453 1589 poena
464 1516 527 1584 est,
538 1523 636 1583 quem
647 1511 720 1584 post
728 1502 805 1574 facti
812 1504 966 1584 poenitet.

18 1695 28 1710 s
99 1612 219 1676 Gravis
231 1612 362 1674 animus
374 1609 511 1672 dubiam
523 1627 591 1669 nou
602 1590 916 1678 liabet'aeutentiam.

99 1718 244 1787 Gravior
256 1729 302 1780 θεῖ
316 1717 483 1796 inimicus,
501 1715 558 1796 qui
572 1716 650 1776 latet
662 1711 697 1773 in
709 1723 851 1794 pectore.

102 1821 266 1884 Graviora
279 1821 439 1900 quaedam
452 1827 528 1879 sunt
545 1813 689 1876 remedia
705 1815 869 1895 periculis.

103 1922 304 1986 Gravissima
318 1932 364 1983 est
380 1919 477 2000 probi
493 1917 636 1980 hominis
650 1917 830 1980 iracundia.

104 2030 342 2102 Gravissimum
354 2040 401 2092 est
414 2025 590 2108 imperium
605 2022 858 2086 consuetudiuia.

104 2137 377 2202 Graviusmalum
388 2153 486 2220 omne
497 2143 561 2206 est,
573 2130 661 2212 quod
672 2129 733 2192 suh
745 2137 875 2212 aspectu
887 2130 985 2208 latet..
999 2133 1054 2196 266

105 2241 245 2306 Gravius
257 2227 370 2320 nocet,
384 2239 608 2320 quodcunque
618 2235 826 2316 inexpertum
836 2207 967 2298 accidit*
1043 2270 1055 2286 .

167 2421 174 2434 .
273 2395 294 2428 N
579 2397 580 2402 ¹
772 2405 774 2412 .

104 2405 269 2522 Harum
280 2437 569 2528 locumtmaledicti
582 2437 713 2500 crebrae
729 2432 873 2516 nuptiae.
893 2439 899 2460 ²

105 2559 212 2623 Habet
223 2575 319 2618 suurn
336 2569 499 2613 venenum
512 2545 633 2607 blanda
647 2541 761 2605 oratio·

105 2663 368 2746 Heredemserre
378 2652 544 2720 honestius
555 2661 620 2731 θεῖ,
633 2670 732 2731 quam
743 2666 910 2728 quaerere.

105 2769 245 2838 Heredis
261 2772 353 2848 fletus
366 2767 427 2828 suh
442 2781 581 2846 persona
596 2759 680 2823 risus
693 2767 751 2821 est.

104 2881 180 2944 Heu
198 2894 296 2955 quarn
308 2866 504 2934 conscientia
518 2864 622 2928 animi
635 2861 744 2948 gravis
757 2867 803 2921 θεῖ
814 2855 976 2922 servituri
991 2859 996 2868 '

86 3039 87 3042 ,
105 2987 179 3050 Heu
190 2999 290 3061 quam
300 2976 470 3052 miserest,
483 2969 589 3051 quiin
602 2969 764 3030 tormento
773 2981 889 3027 vocem
898 2963 988 3024 haud

272 3155 276 3162 ⁸
539 3135 543 3146 ,
629 3073 750 3133 habett·

104 3193 179 3256 Heu
193 3207 292 3270 quam
306 3180 448 3263 difficilis
460 3179 586 3267 gloriae
599 3176 746 3242 custodia
760 3175 825 3244 eati

107 3297 181 3357 Heu
195 3311 292 3372 quam
304 3299 350 3352 θεῖ
362 3285 543 3366 timendus,
556 3282 614 3364 qui
623 3279 710 3344 mori
724 3288 829 3342 tutum
843 3277 955 3357 putat!

109 3396 284 3460 Hominem
298 3393 396 3478 etiam
411 3387 500 3476 frugi
517 3384 613 3450 flectit
627 3403 723 3464 saepe
738 3379 875 3444 occasio.

108 3496 285 3563 Hominem
303 3493 444 3577 experiri
459 3493 565 3554 multa
572 3497 586 3570 ,¹
598 3495 772 3572 paupertas
785 3482 885 3545 iubet.

95 3597 97 3602 ’
109 3599 247 3668 Homini
258 3575 429 3662 consilium
439 3609 517 3680 tuna
529 3598 634 3676 deest,
653 3615 726 3656 cum
740 3593 843 3654 multa
856 3584 992 3656 invenit.

111 3713 221 3776 Homo
230 3717 319 3770 extra
330 3724 448 3788 corpus
461 3715 507 3767 est
517 3724 630 3781 suum,
650 3721 723 3762 curu
738 3693 896 3758 irascitur.

112 3815 221 3877 Homo
230 3831 272 3874 ne
284 3808 405 3892 sitvsine
415 3809 546 3895 dolore,
563 3808 730 3892 fortunam
743 3795 878 3865 invenit.
