2848 4792
131 441 136 456 ·
223 473 229 502 .
341 434 380 514 9⁶
471 453 473 460 ι
551 419 1076 492 resvrruvrlrts

339 579 394 639 Ast
408 573 466 637 uhi
479 571 630 637 terribilis
644 569 755 632 auimo
770 568 973 632 circumstitit
983 573 1115 654 horror,

377 687 538 770 Pigraque
556 690 759 762 praesumtus
772 679 910 741 venitin
922 701 993 742 ossa
1010 682 1116 767 vigor;
1258 711 1307 751 ιο

337 793 472 856 Mitibus
485 790 544 851 ille
559 789 634 850 seris
653 788 839 850 communia
852 789 974 870 pabula
990 793 1133 873 calcans,

260 887 263 894 ’
377 899 543 961 Turbabat
555 893 690 976 pavidas
701 915 760 978 per
774 914 831 956 sua
843 913 921 956 rura
934 896 1045 958 boves.

335 1004 485 1070 Rusticus
496 1005 586 1065 hunc
596 1019 716 1084 magua
728 1011 898 1080 postquam
911 997 1084 1082 deprendit
1093 1001 1135 1062 ab
1146 1019 1250 1086 aure,

376 1105 569 1194 correptum
583 1107 699 1172 vinctis
716 1107 971 1188 verberibusque
990 1105 1110 1168 domat.

334 1221 374 1281 Et
383 1217 481 1281 simul
495 1219 655 1278 abstracto
674 1216 842 1278 denudans
859 1235 996 1298 corpora
1015 1223 1123 1300 tergo,
1222 1193 1230 1226 ³
1251 1219 1294 1282 15

373 1327 523 1405 Increpat
541 1322 592 1384 bis
611 1322 767 1384 miserum
784 1321 919 1385 vocibus
938 1321 996 1384 ille
1010 1341 1126 1402 pecus:

332 1432 478 1496 Forsitan
496 1431 625 1517 ignotos
639 1437 764 1492 mutato
783 1427 925 1515 tegmine
942 1429 1050 1509 fallas,

372 1543 413 1603 At
422 1538 520 1622 mihi,
534 1538 592 1620 qui
610 1525 777 1616 quondam
785 1581 796 1618 ,
811 1555 939 1618 semper
946 1535 1070 1600 rsetlus
1083 1532 1157 1599 eris.

587 1753 895 1827 FABULA
941 1755 1015 1828 Vl.
1070 1767 1085 1828 ξ

591 1937 721 1995 usur.
746 1939 803 1991 rr
830 1939 1017 1995 vuurrs.

329 2065 449 2178 Erret
460 2107 661 2195 gurgitibus,
677 2105 823 2187 olimque
838 2104 992 2171 immersa
1006 2077 1191 2190 profdudo,

366 2222 407 2280 Et
418 2217 514 2280 luteis
526 2225 651 2280 tantum
663 2236 792 2299 semper
800 2215 908 2279 amica
921 2216 1030 2298 vadis,

326 2326 377 2388 Ad
386 2342 520 2404 superos
532 2322 630 2383 colles
637 2366 648 2401 ,
664 2315 868 2400 herbosaque
881 2330 974 2404 prata
986 2339 1175 2404 recurrens,

364 2429 528 2492 Mulcebat
540 2425 672 2490 miseras
685 2427 814 2513 turgida
825 2429 918 2491 Rana
928 2429 1030 2513 feras,

325 2537 452 2602 Callida
462 2538 552 2617 quod
567 2546 674 2618 posset
687 2535 843 2621 gravibus
858 2557 1045 2602 succurrere
1060 2535 1203 2618 morbis,
1259 2538 1280 2599 ⁵
1393 2575 1394 2578 =

365 2645 404 2704 Et
415 2641 517 2704 uitam
530 2640 665 2726 ingenio
682 2641 874 2704 continuare
889 2663 960 2706 suo.
1005 2715 1007 2718 ¹

325 2752 390 2811 Nec
405 2769 439 2811 se
455 2747 598 2810 Paeonio
612 2745 709 2808 iactat
725 2747 853 2830 cessisqe
869 2750 1040 2836 magistro,

363 2852 520 2938 Quamvis
530 2864 706 2934 perpetuos
721 2861 810 2940 curet
825 2853 861 2915 in
876 2856 954 2916 orbe
969 2855 1067 2915 Deos.

322 2963 416 3024 Tunc
429 2962 553 3042 Vulpes
569 2961 732 3041 pecudum
742 2958 858 3034 ,ridens
874 2970 978 3022 astuta
992 2960 1153 3042 quietem,

362 3071 546 3133 Verborum
564 3087 701 3130 vacuam
714 3066 858 3150 prodidit
872 3088 940 3131 esse
954 3068 1062 3132 fidem.
1235 3093 1275 3134 ro

320 3173 409 3238 Haec
422 3177 513 3238 dabit
522 3177 678 3262 aegrotis,
690 3176 813 3258 inquit,
826 3177 1045 3240 medicamina
1054 3175 1227 3259 membris,

357 3279 482 3340 Pallida
495 3286 660 3348 caeruleos
677 3284 730 3346 cui
742 3294 834 3348 notat
848 3303 906 3347 ora
920 3287 1033 3348 color?

317 3390 366 3454 Ne
380 3385 510 3449 sibimet
519 3389 692 3469 quisquam
704 3393 745 3454 de
755 3380 852 3465 rebus
863 3393 1005 3456 inaniter
1019 3394 1114 3476 ullis,

317 3567 319 3574 y
358 3498 447 3580 Quas
461 3494 592 3577 nequit,
607 3496 769 3586 imponat,
784 3499 898 3564 fabula
913 3509 1022 3566 nostra
1037 3503 1139 3563 docet.
