2916 4790
336 415 376 478 aa
530 409 757 474 ruscum
777 407 1087 480 rasurarum
1147 381 1149 388 '

333 559 369 620 Si
381 558 493 638 Phryx
505 556 648 636 Aesopus
663 551 783 634 potuit,
794 549 823 612 si
836 549 1030 622 Anacharsis
1048 553 1169 634 Scytha

334 665 509 726 Aeternam
523 661 644 722 famam
659 658 798 724 condere
818 653 954 737 ingenio
969 673 1046 715 suo:

335 769 423 852 Ego,
439 764 584 827 literatae
600 762 658 844 qui
674 783 746 824 sum
765 759 901 842 propior
916 761 1089 841 Graeciae,

335 873 403 931 Cur
417 888 533 930 somno
546 867 644 930 inerti
662 869 808 936 deseram
820 866 945 948 patriae
961 869 1080 929 decus?
1251 871 1294 933 65

335 974 575 1058 'I‘hreissacum
592 991 672 1056 gens
690 947 838 1033 numeret
852 977 1000 1033 auctores
1015 991 1105 1054 suos,

328 1077 484 1156 ¹Linoque
495 1069 614 1158 Apollo
625 1075 666 1138 sit
683 1097 817 1158 parens,
836 1080 928 1138 Musa
941 1079 1095 1158 Orpheo,

336 1181 405 1265 Qui
415 1173 492 1244 saria
505 1191 602 1243 cantu
622 1183 739 1263 movit,
758 1193 789 1245 et
805 1184 932 1246 domuit
947 1185 1050 1267 feras,

335 1289 505 1370 Hebrique
522 1291 627 1352 tenuit
643 1291 784 1372 impetus
801 1292 891 1354 dulci
911 1309 1014 1354 mora.
1080 1303 1086 1318 '

276 1409 280 1422 ’
336 1399 423 1483 Ergo
433 1395 512 1460 hinc
524 1400 648 1478 abesto,
662 1397 762 1478 livor,
778 1419 819 1460 ne
832 1399 950 1462 frustra
968 1418 1097 1484 gemas,

337 1501 504 1586 Quoniam
519 1501 685 1564 sollemnis
701 1503 784 1563 mihi
800 1505 935 1566 debetur
954 1501 1073 1588 gloria.

379 1607 498 1668 Induxi
514 1617 543 1668 te
552 1609 594 1668 ad
605 1608 800 1693 legendum:
817 1609 981 1671 sincerum
996 1607 1080 1670 mihi

339 1716 490 1780 Candore
503 1726 582 1780 noto
598 1720 715 1781 reddas
727 1719 889 1782 iudicium
906 1729 994 1802 peto.

533 1907 928 1996 st'FABULA
975 1909 1003 1993 1.'
1062 1903 1068 1914 x

554 2090 674 2144 suus
703 2092 760 2142 su
794 2069 1079 2144 Amruonu'u.

341 2195 460 2312 Auos
473 2186 580 2304 idcere
595 2239 678 2303 vidit
692 2252 824 2323 epotam
837 2243 1047 2327 amphoram,

340 2347 473 2426 Adhuc,
490 2348 626 2408 Falerna
642 2347 747 2427 faece,
767 2365 785 2409 e
802 2356 882 2408 testa
903 2343 1010 2410 nobili

341 2453 487 2514 Odorem
502 2463 585 2532 quac
599 2451 862 2515 iucundum‘late
880 2462 1058 2537 spargeret.

340 2559 439 2622 Hunc
449 2567 621 2640 postquam
633 2558 707 2622 totis
716 2559 813 2621 avida
826 2557 921 2619 traxit
937 2557 1091 2621 naribus:

341 2665 373 2726 Ο
385 2665 493 2728 suavis
511 2665 637 2727 anima!
659 2666 755 2750 quale
771 2662 806 2725 in
823 2652 973 2749 texdicam
987 2665 1113 2724 bouum
1272 2659 1294 2730 6

249 2748 253 2756 ”
330 2769 487 2834 ,Antehac
508 2769 620 2850 fuisse,
640 2772 718 2834 tales
737 2793 811 2834 eum
829 2770 894 2832 sint
909 2769 1092 2851 reliquiae?

333 2859 337 2868 ι
382 2879 455 2942 Hoc
472 2895 538 2958 quo
548 2876 724 2960 pertineat,
739 2879 841 2961 dicet,
856 2877 913 2959 qui
925 2901 978 2942 me
995 2879 1133 2947 noverit.

613 3077 918 3152 FABULA
967 3081 1020 3151 11.

513 3195 1125 3306 usurariusrrusrorus.
1232 3201 1238 3214 ⁸

343 3347 462 3464 Socer
477 3417 497 3461 a
514 3401 672 3482 despectis
687 3425 748 3485 par
761 3403 875 3467 referri
888 3406 1002 3492 gratia.

383 3497 549 3568 Panthera
555 3505 745 3589 imprudens
758 3511 837 3574 olim
849 3512 885 3576 in
896 3514 1025 3577 foueam
1038 3511 1168 3578 decidit.

329 3695 332 3708 .
344 3607 466 3674 Videre
476 3622 616 3697 agrestes
627 3635 635 3675 ε
652 3615 711 3678 alii
723 3615 820 3678 fustes
833 3629 1033 3704 congerunt,

345 3713 412 3776 Alii
428 3727 564 3778 onerant
577 3717 678 3780 saxis:
694 3718 828 3798 quidam
844 3734 957 3786 contra
975 3724 1126 3806 miseriti,

346 3821 512 3887 Periturae
527 3823 667 3908 quippe,
685 3827 834 3906 quamvis
854 3850 952 3892 nemo
965 3832 1125 3912 laederet,
