2848 4792
378 421 382 428 ·
481 413 790 498 uruanrv.

163 563 268 624 Duces
281 577 413 637 corum,
431 555 487 635 qui
505 551 665 637 capitibus
681 569 805 614 cornua

162 665 235 728 Suis
252 665 407 749 ligarent,
419 669 455 720 ut
465 655 676 739 conspicuum
692 653 727 716 in
740 651 866 737 proelio

162 771 329 830 Haberent
340 764 490 850 signum,
507 761 597 841 quod
610 767 839 839 sequerentur„
860 757 993 842 milites,

162 872 303 933 Haesere
316 869 352 928 in
363 866 480 949 portis,
490 873 631 943 suntque
647 861 734 944 capti
746 864 788 923 ab
801 861 966 968 hostibus3

163 979 254 1059 Quos
265 973 449 1034 immolatos
466 969 569 1030 victor
580 965 684 1029 avidis
702 965 853 1031 dentibus

163 1079 297 1160 Capacis
310 1077 377 1138 alvi
393 1073 503 1137 mersit
519 1083 657 1134 tartareo
674 1091 784 1153 specu.

203 1189 441 1268 Quemcunque
455 1181 616 1266 populum
632 1178 728 1242 tristis
743 1185 878 1244 eventus
893 1177 1031 1263 premit,

162 1291 369 1354 Periclitatur
385 1286 577 1372 magnitudo
587 1282 794 1366 principum,

163 1391 292 1455 Minuta
303 1389 416 1474 plehe's
428 1385 516 1450 facili
527 1384 690 1470 pracsidio
706 1386 798 1477 latet2

402 1584 709 1660 FABULA
754 1585 863 1658 ·v1L

549 1763 768 1826 Postu.-

161 1881 251 2003 Tu,
265 1921 339 2002 qui,
352 1927 482 1998 nasute,
497 1915 619 1999 scripta
629 1914 803 2000 destringis
815 1932 908 2000 rurea,

162 2027 202 2086 Et
214 2027 277 2086 hoc
289 2024 437 2086 iocorum
451 2025 560 2107 legere
571 2021 695 2085 fastidis
711 2041 831 2110 genus,

163 2131 267 2190 Parva
282 2129 432 2190 libellum
450 2127 573 2190 sustine
587 2126 760 2210 patientia,

163 2232 372 2293 Severitatem
390 2231 505 2293 frontis
522 2232 601 2291 dum
613 2232 709 2312 placo
722 2239 814 2311 tuae,

161 2338 202 2397 Et
214 2335 250 2396 in
264 2334 431 2398 cothurnis
449 2335 559 2418 prodit
572 2336 717 2415 Aesopus
734 2333 837 2396 novis.
945 2327 951 2356 ²

202 2441 336 2502 Utinam
347 2457 567 2518 necunquam
577 2439 658 2499 Pelii
668 2439 813 2502 nemoris
824 2438 904 2523 iugo

162 2547 262 2609 Pinus
273 2544 410 2626 bipenni
421 2543 613 2608 concidisset
628 2545 800 2606 Thessalat
916 2545 919 2552 ⁴

161 2656 228 2714 Ncc
238 2653 280 2713 ad
290 2652 453 2734 professae
468 2651 583 2714 mortis
596 2653 753 2714 audacem
764 2650 853 2713 viam

161 2756 360 2820 Fabricasset
371 2757 477 2842 Argus
490 2775 590 2837 opere
602 2754 751 2819 Palladio
768 2759 890 2824 ratemt

160 2862 369 2946 Inhospitalis
378 2862 485 2944 prima
498 2883 584 2942 quac
594 2863 690 2926 Ponti
701 2863 791 2927 sinus
1071 2885 1108 2926 so
1166 2907 1168 2912 ,

160 2967 332 3048 Patefecit,
350 2968 387 3030 in
397 2965 575 3050 perniciem
591 2966 728 3029 Graitim
741 2978 773 3031 et
783 2966 972 3032 sarbaram.
1069 3035 1071 3040 ,

160 3076 310 3154 Namque
320 3083 351 3135 et
360 3071 493 3155 superbi
505 3073 596 3157 luget
604 3076 722 3134 Aeetae
736 3074 871 3154 domus,

160 3183 200 3241 Et
209 3199 310 3266 regna
321 3176 430 3240 Peliae
440 3178 561 3238 scelere
576 3178 710 3238 Medeae
725 3175 849 3238 iacentr

161 3282 268 3363 Quae,
280 3300 412 3342 saevum
424 3277 597 3363 ingenium
607 3277 706 3342 variis
717 3279 889 3343 involvens
903 3277 1027 3363 modis,

155 3381 234 3458 Jllic
245 3403 306 3464 per
314 3393 401 3445 artus
411 3381 522 3472 fratpis
536 3381 693 3463 explicuit
709 3382 837 3467 fugam3
949 3433 961 3448 t
1041 3465 1046 3474 Ι
1070 3386 1103 3443 15

159 3483 225 3550 Hic
237 3489 334 3550 caede
344 3488 445 3570 patris
457 3487 627 3550 Peliadum
637 3485 750 3548 infecit
763 3497 890 3549 manus.

201 3592 290 3676 Quid
301 3592 359 3654 tibi
372 3592 521 3654 videtur?
533 3595 605 3655 Hoc
616 3611 749 3671 quoque
759 3590 918 3654 insulsum
929 3591 1064 3674 estqais,

160 3699 319 3775 Falsoque
329 3695 470 3771 dictum3
488 3695 586 3779 louge
600 3693 679 3774 quia
690 3695 846 3757 vetustior

160 3803 269 3884 Aegea
281 3796 388 3862 Minos
403 3799 503 3865 classe
515 3796 702 3879 perdomuit
718 3798 820 3881 freta,
