2916 4790
611 701 675 752 DE
727 719 735 730 ¹

222 963 226 996 ς
448 853 845 962 Anouumo

142 1042 144 1044 ’
181 1071 405 1148 vuuuuu
431 1025 772 1166 sursumsunt
797 1071 1103 1148 mucronum

168 1457 257 1593 Sus
276 1529 337 1592 hoc
358 1533 479 1594 nomine
497 1529 754 1605 circumferuntur
773 1529 834 1591 Lx.
854 1529 991 1605 fabulae,
1015 1543 1125 1614 genere

169 1623 302 1707 elegiaco
321 1625 470 1708 scriptae,
495 1640 582 1687 ortae
600 1643 617 1686 e
636 1625 778 1706 prosaicis
800 1621 920 1685 Romuli
945 1622 1074 1700 fabulis,
1092 1627 1124 1687 in

151 1730 296 1786 cmetrum
319 1717 466 1794 redactis;
493 1718 521 1778 id
546 1718 627 1800 quod
647 1716 835 1800 probandum
856 1718 987 1799 suscepit
1002 1715 1125 1780 Lessin-

165 1809 234 1890 gius
252 1811 286 1870 in¹
302 1809 434 1893 Beytrag
454 1831 508 1873 zur
525 1810 713 1873 Geschichre
734 1811 795 1872 und
823 1811 1134 1896 Litterarum-quem

167 1902 276 1963 deinde
295 1905 392 1966 secuti
407 1905 479 1967 sunt
492 1905 551 1965 alii.
575 1903 632 1972 Sed
647 1923 744 1986 neque
759 1905 796 1964 de
810 1907 934 1966 nomine
948 1903 1123 1986 Anonymi,
1187 1935 1189 1940 v

166 2011 268 2074 neque
284 1996 322 2056 de
344 1991 496 2077 tempore,
517 2016 579 2078 quo
599 1993 712 2058 fabulas
731 1997 866 2080 scripsit,
891 1997 963 2058 satis
982 2015 1121 2076 constan

166 2103 260 2170 atque
283 2091 371 2152 etiam
393 2091 430 2152 de
451 2091 612 2152 Latinitate
631 2106 663 2151 et
684 2091 797 2154 virtute
818 2083 937 2174 politica
962 2091 1040 2154 haud
1065 2119 1125 2162 una

149 2185 151 2190 ’
168 2198 215 2242 est
226 2185 362 2243 virorum
372 2186 615 2248 doctissimorum
626 2186 784 2246 sententia.
796 2185 970 2263 Gyraldus2
987 2191 1123 2256 etHenr.
1191 2231 1195 2242 ·
1218 2269 1220 2272 Ι

166 2272 333 2340 Bebeliuss
352 2278 501 2361 appellant
518 2280 659 2338 Romulum
669 2300 681 2351 ;
699 2278 751 2338 sed
770 2277 855 2339 maie.
874 2277 1012 2366 Namque
1024 2285 1054 2344 in
1069 2287 1124 2348 de.

167 2367 335 2444 dicatione,
363 2370 507 2450 prosaicis
532 2367 639 2430 fabulis
665 2367 812 2448 praefixa,
838 2371 987 2434 Romulus
1014 2375 1124 2440 diserte

167 2457 316 2521 affirmat:
340 2461 369 2520 id
385 2482 430 2542 ego
447 2459 576 2520 Romulus
589 2461 712 2518 transtuli
723 2464 753 2518 dr
766 2480 858 2539 graeco
876 2462 904 2520 r‘n
923 2467 1042 2528 larinum
1063 2471 1125 2530 At.

124 2578 127 2585 ·
166 2569 229 2632 que
249 2553 337 2613 etiam
358 2553 389 2613 in
412 2549 509 2612 Codri.
530 2553 615 2613 mstis
629 2548 787 2612 Docleatio
806 2550 928 2613 Romuli
950 2555 985 2615 ad
1004 2555 1125 2618 Tiberi·

165 2663 239 2706 num
250 2643 344 2708 filium
358 2645 500 2730 prosaicis
513 2643 617 2706 fabulis
631 2663 748 2726 semper
765 2645 955 2728 praetigium
972 2649 1023 2710 sed
1033 2647 1123 2713 Prae·

164 2736 242 2805 fario
256 2741 293 2800 ad
313 2739 460 2822 elegiacos
482 2757 582 2820 neque
603 2737 725 2799 Romuli
735 2727 752 2811 ,¹
765 2733 865 2828 neque
881 2737 1016 2803 Tiberini
1032 2741 1126 2808 habet·

166 2831 295 2892 nomina.
314 2831 412 2895 Facile
430 2845 531 2892 autem
549 2827 613 2890 fieri
627 2842 765 2911 poterat,
785 2844 820 2889 ut
831 2827 983 2909 Gyraldus
994 2835 1123 2896 induce-

166 2937 250 2984 retur
264 2924 296 2982 in
312 2941 455 2985 errorem.
476 2920 647 2983 Nonnullae
668 2920 745 2982 enim
759 2917 973 3003 inscriptiones
984 2942 1015 2987 et
1034 2945 1122 3008 prae·

153 3013 292 3086 'fationes
312 3015 362 3077 vel
375 3015 525 3077 Codicum
547 3030 642 3076 mass
658 3013 707 3074 vel
724 3012 892 3083 editionum
910 3015 1120 3098 impressurum

166 3109 324 3170 nominant
341 3107 504 3169 Romulum
520 3105 685 3170 fabularum
701 3105 859 3184 Anonymi
876 3126 1041 3170 auctorem.
1056 3111 1121 3173 Ne·

166 3219 225 3282 que
241 3202 349 3262 mirum
365 3203 504 3282 cuiquam
519 3199 617 3261 videri
639 3198 742 3266 debet,
760 3215 870 3258 nomeu
889 3197 1012 3260 Romuli
1029 3199 1120 3264 fuisse
1194 3237 1197 3245 ·

166 3290 341 3376 inscriptum
355 3310 387 3354 et
399 3294 544 3375 prosaicis
559 3307 591 3355 et
604 3289 742 3372 elegiacis
754 3286 880 3365 fabulis,
899 3293 924 3352 si
942 3293 1072 3380 cogitet,
1089 3296 1121 3358 in

200 3443 211 3478 1
226 3427 263 3478 Ex
274 3427 294 3478 1.
305 3427 338 3480 G.
346 3425 370 3479 S.
382 3425 503 3479 Schwebii
513 3428 575 3479 Not.
584 3426 624 3480 lit.
696 3442 712 3490 4
723 3423 785 3486 vids
799 3421 879 3474 Praei.
890 3421 997 3474 Mlamu
1005 3425 1035 3476 nd
1045 3425 1120 3480 Fabb·

165 3507 195 3561 de
204 3507 313 3558 Phaedro
325 3525 380 3576 pag.
391 3525 446 3570 ¹7¹·
456 3525 526 3576 seqq,
662 3513 714 3553 ant.
730 3501 769 3552 Sic
776 3501 808 3569 ,in
818 3501 936 3553 obsoletis
948 3502 1039 3555 Barthi'l
1047 3521 1122 3555 mem·

199 3603 215 3637 2
231 3587 270 3638 De
283 3586 381 3656 Poetnr.
392 3587 460 3638 Hist.
473 3589 575 3657 Dialog.
586 3587 622 3642 V.
663 3581 756 3643 branis,
766 3579 1120 3650 quacexhibebantlinonymi

165 3661 236 3730 Opp.
245 3664 320 3715 Tom.
332 3663 364 3712 ll.
376 3681 431 3730 pag.
444 3664 500 3730 306.
663 3660 771 3720 fabulas,
792 3663 883 3730 legitur
901 3677 995 3728 ¹uoureu
1008 3659 1121 3728 Magistri

199 3747 212 3806 3'
226 3739 254 3790 ln
270 3739 349 3806 Epist.
359 3740 402 3808 qui
413 3754 528 3793 auctores
538 3743 624 3806 legen·
663 3739 782 3804 Romaim
790 3739 858 3792 conf.
867 3739 1066 3794 eiuslidvetsnr.
1074 3737 1118 3803 lli,

92 3837 96 3849 f
165 3815 621 3893 ‹li‘simadeloquentiamcomparau'·
661 3834 703 3870 22.
923 3823 930 3840 ’
1062 3811 1063 3814 “

52 3944 55 3955 ,
164 3895 230 3949 dam.
238 3895 393 3965 Argentum
400 3912 456 3965 5¹3·
466 3913 493 3962 4.
