2848 4792
353 436 410 498 ru
566 387 1141 510 ῈιΑνῐιΑιηιᾸΝιι

350 577 452 661 Perge
465 575 649 639 laborantes
664 573 803 638 stimulis
820 574 944 670 agitate
957 575 1125 670 iuuencos,

390 684 429 743 Et
445 682 596 744 manibus
610 682 719 768 pigras
736 680 824 743 disee
840 680 1065 752 iuvarerotas.

351 782 445 845 Tunc
454 803 584 862 quoque
595 801 820 870 congressum,
833 777 1024 862 maioraque
1035 782 1162 846 viribus
1174 803 1338 867 ausum,
1357 839 1366 860 ,

393 891 454 949 Fas
466 890 607 970 Superos
619 887 738 950 animis
751 886 924 950 conciliare
939 885 1012 950 tuis.
1295 916 1338 956 10

353 989 448 1053 Disce
463 1000 571 1052 tamen
584 988 687 1074 pigris
699 1007 769 1050 non
783 987 868 1050 flecti
886 987 1024 1050 numina
1041 990 1142 1072 votis,

392 1097 642 1173 Ptaesentesque
659 1093 795 1174 adhibe,
816 1113 893 1154 cum
904 1093 983 1156 facis
995 1092 1078 1178 ipse,
1096 1097 1202 1162 Deos.

538 1270 841 1348 rnssunn
873 1245 1154 1350 xxxur

581 1444 732 1498 ANSER
756 1445 813 1498 ΕΤ
835 1445 1083 1499 RUSTICUS.

357 1570 493 1682 Anser
506 1623 575 1676 erat
595 1615 726 1694 cuidam
746 1613 889 1695 pretioso
901 1613 1048 1700 germine
1064 1613 1169 1698 foeta,

395 1718 531 1796 Ovaque
546 1733 631 1796 quae
650 1717 737 1780 nidis
749 1739 848 1782 aurea
867 1732 963 1802 saepe
974 1722 1076 1784 daret.

264 1867 273 1878 -
301 1895 304 1902 ,
355 1826 483 1889 Fixerat
493 1829 580 1888 hano
594 1827 722 1890 volucri
734 1829 843 1914 legem
860 1793 979 1890 Natuia
991 1833 1170 1913 superbae,

396 1935 445 1994 Ne
462 1932 557 1996 liceat
572 1933 695 2026 pariter
711 1956 848 1998 munera
864 1935 951 1998 ferre
966 1939 1042 1998 duo.

356 2039 421 2100 Sed
431 2037 771 2122 dominus‚cupidum
782 2060 915 2122 sperans
926 2061 1099 2104 vanescere
1107 2049 1241 2126 votum,
1295 2045 1313 2106 5

397 2148 470 2206 Non
486 2143 560 2206 tulit
578 2165 689 2208 exosas
705 2144 741 2208 in
758 2165 817 2208 sua
833 2148 923 2208 lucra
942 2165 1069 2226 moras5

239 2277 244 2288 ·
358 2249 490 2310 Grande
500 2256 588 2310 ratus
598 2237 740 2331 pretium
754 2249 898 2312 volucris
914 2252 955 2311 de
969 2261 1074 2314 morte
1086 2253 1226 2335 referre,

398 2355 491 2437 Quae
510 2361 574 2413 tam
588 2353 747 2438 continuo
762 2373 898 2416 munere
910 2355 1001 2417 dives
1014 2364 1094 2418 erat.
1184 2391 1187 2396 ·

357 2459 534 2537 Postquam
547 2459 635 2519 nuda
650 2457 761 2519 minax
773 2457 840 2541 egit
856 2479 915 2540 per
931 2458 1055 2522 viscera
1073 2460 1215 2542 ferrum,

261 2631 263 2636 ¹
366 2623 368 2629 ,
400 2561 439 2644 Et
451 2569 588 2623 vacuam
605 2561 708 2623 solitis
724 2561 869 2624 foetibus*
877 2583 944 2625 esse
961 2564 1068 2626 videt:
1272 2590 1310 2633 ιο

358 2666 523 2750 Ingemuit
542 2676 648 2730 tantae
666 2668 818 2748 deceptus
830 2666 971 2730 crimine
985 2667 1128 2747 fraudis3

399 2775 482 2832 Nam
493 2789 634 2852 poenam
651 2770 776 2834 meritis
786 2757 902 2834 retulit
918 2770 998 2833 iude
1013 2771 1089 2833 suis.

359 2875 429 2954 Sic,
442 2875 499 2954 qui
509 2851 623 2936 cuncta
633 2876 720 2936 Deos
731 2893 799 2936 uno
817 2876 903 2938 male
920 2883 1064 2956 tempore
1077 2881 1234 2958 poscunt,

399 2982 517 3046 Iustius
527 2983 578 3046 his
590 2983 689 3046 etiarn
700 2994 782 3072 ¹voto
796 2983 917 3045 diurno¹
927 2993 1058 3068 negant.

543 3168 848 3244 FABULA
896 3172 1119 3247 XXXIV.

577 3341 798 3395 ronurcn
824 3326 878 3392 br
904 3343 1093 3396 cronon.

360 3441 551 3584 Qursours
565 3494 748 3567 torpentem
760 3509 871 3568 passus
883 3489 1020 3554 transire
1030 3490 1216 3573 iuventam,—

399 3597 465 3655 Nec
484 3592 591 3656 timuit
609 3593 694 3656 vitae
710 3596 867 3676 providus
883 3609 958 3660 ante
974 3599 1097 3674 malae3
1204 3639 1209 3648 ·

339 3691 341 3698 ’
360 3696 531 3759 Confectus
541 3698 646 3780 senio,
662 3710 833 3780 postquam
846 3701 954 3785 gravis
963 3702 1069 3764 adfuit
1079 3709 1181 3784 uetans²

344 3868 349 3876 ,
399 3802 474 3863 Heu
488 3801 607 3866 frustra
624 3803 757 3870 alterius
770 3823 866 3886 saepe
881 3804 1012 3890 rogabit
1032 3823 1140 3889 opem.
