<?xml version="1.0" encoding="UTF-8"?>
<!DOCTYPE html PUBLIC "-//W3C//DTD XHTML 1.0 Transitional//EN"
    "http://www.w3.org/TR/xhtml1/DTD/xhtml1-transitional.dtd">
<html xmlns="http://www.w3.org/1999/xhtml" xml:lang="en" lang="en">
 <head>
  <title>
</title>
<meta http-equiv="Content-Type" content="text/html;charset=utf-8" />
  <meta name='ocr-system' content='tesseract 3.04.00' />
  <meta name='ocr-capabilities' content='ocr_page ocr_carea ocr_par ocr_line ocrx_word'/>
</head>
<body>
  <div class='ocr_page' id='page_1' title='image "./phaedriaugustil05phaegoog_0127.png"; bbox 0 0 2916 4790; ppageno 0'>
   <div class='ocr_carea' id='block_1_1' title="bbox 345 413 1100 536">
    <p class='ocr_par' dir='ltr' id='par_1_1' title="bbox 345 413 1100 536">
     <span class='ocr_line' id='line_1_1' title="bbox 345 413 1100 536; baseline -0.011 0"><span class='ocrx_word' id='word_1_1' title='bbox 345 467 363 536; x_wconf 75' lang='grc'><strong>8</strong></span> <span class='ocrx_word' id='word_1_2' title='bbox 542 413 772 528; x_wconf 63' lang='lat' dir='ltr'><strong>Pteleum</strong></span> <span class='ocrx_word' id='word_1_3' title='bbox 791 463 1100 534; x_wconf 81' lang='lat' dir='ltr'>FABULARUM</span> 
     </span>
    </p>
   </div>
   <div class='ocr_carea' id='block_1_2' title="bbox 602 683 1034 772">
    <p class='ocr_par' dir='ltr' id='par_1_2' title="bbox 602 683 1034 772">
     <span class='ocr_line' id='line_1_2' title="bbox 602 683 1034 772; baseline 0.007 -20"><span class='ocrx_word' id='word_1_4' title='bbox 602 683 1034 772; x_wconf 66' lang='lat' dir='ltr'><strong>Fluuellu</strong></span> 
     </span>
    </p>
   </div>
   <div class='ocr_carea' id='block_1_3' title="bbox 517 847 1058 932">
    <p class='ocr_par' dir='ltr' id='par_1_3' title="bbox 517 847 1058 932">
     <span class='ocr_line' id='line_1_3' title="bbox 517 847 1058 932; baseline 0.007 -4"><span class='ocrx_word' id='word_1_5' title='bbox 517 888 522 896; x_wconf 85' lang='lat'>·</span> <span class='ocrx_word' id='word_1_6' title='bbox 582 847 857 932; x_wconf 72' lang='lat' dir='ltr'><strong>russeum</strong></span> <span class='ocrx_word' id='word_1_7' title='bbox 891 879 1058 932; x_wconf 70' lang='lat' dir='ltr'><strong>rurus.</strong></span> 
     </span>
    </p>
   </div>
   <div class='ocr_carea' id='block_1_4' title="bbox 324 985 1295 1664">
    <p class='ocr_par' dir='ltr' id='par_1_4' title="bbox 324 985 1295 1664">
     <span class='ocr_line' id='line_1_4' title="bbox 344 985 1100 1115; baseline 0.005 -24"><span class='ocrx_word' id='word_1_8' title='bbox 344 985 431 1098; x_wconf 80' lang='lat' dir='ltr'><strong>Smr</strong></span> <span class='ocrx_word' id='word_1_9' title='bbox 447 1047 516 1091; x_wconf 83' lang='lat' dir='ltr'><strong>nou</strong></span> <span class='ocrx_word' id='word_1_10' title='bbox 528 1047 659 1110; x_wconf 84' lang='lat' dir='ltr'><strong>cavere,</strong></span> <span class='ocrx_word' id='word_1_11' title='bbox 674 1040 706 1115; x_wconf 82' lang='lat' dir='ltr'><strong>et</strong></span> <span class='ocrx_word' id='word_1_12' title='bbox 723 1029 796 1092; x_wconf 81' lang='lat' dir='ltr'><strong>aliis</strong></span> <span class='ocrx_word' id='word_1_13' title='bbox 810 1029 983 1094; x_wconf 85' lang='lat' dir='ltr'><strong>eonsilium</strong></span> <span class='ocrx_word' id='word_1_14' title='bbox 1004 1034 1100 1114; x_wconf 82' lang='lat' dir='ltr'><strong>dare,</strong></span> 
     </span>
     <span class='ocr_line' id='line_1_5' title="bbox 345 1127 1104 1220; baseline -0.001 -17"><span class='ocrx_word' id='word_1_15' title='bbox 345 1141 485 1203; x_wconf 89' lang='lat' dir='ltr'><strong>Stultum</strong></span> <span class='ocrx_word' id='word_1_16' title='bbox 498 1159 585 1218; x_wconf 89' lang='lat' dir='ltr'><strong>esse,</strong></span> <span class='ocrx_word' id='word_1_17' title='bbox 599 1139 711 1220; x_wconf 83' lang='lat' dir='ltr'><strong>paucis</strong></span> <span class='ocrx_word' id='word_1_18' title='bbox 725 1141 935 1203; x_wconf 74' lang='lat' dir='ltr'><strong>ostendemus</strong></span> <span class='ocrx_word' id='word_1_19' title='bbox 949 1127 1104 1202; x_wconf 74' lang='lat' dir='ltr'><strong>versibus.</strong></span> 
     </span>
     <span class='ocr_line' id='line_1_6' title="bbox 386 1245 1195 1333; baseline 0.006 -26"><span class='ocrx_word' id='word_1_20' title='bbox 386 1248 586 1328; x_wconf 88' lang='lat' dir='ltr'><strong>Oppressum</strong></span> <span class='ocrx_word' id='word_1_21' title='bbox 599 1249 641 1308; x_wconf 87' lang='lat' dir='ltr'><strong>ab</strong></span> <span class='ocrx_word' id='word_1_22' title='bbox 650 1245 783 1328; x_wconf 84' lang='lat' dir='ltr'><strong>Aquila,</strong></span> <span class='ocrx_word' id='word_1_23' title='bbox 796 1249 887 1310; x_wconf 86' lang='lat' dir='ltr'><strong>fletus</strong></span> <span class='ocrx_word' id='word_1_24' title='bbox 900 1250 1051 1310; x_wconf 85' lang='lat' dir='ltr'><strong>edentem</strong></span> <span class='ocrx_word' id='word_1_25' title='bbox 1064 1269 1195 1333; x_wconf 81' lang='lat' dir='ltr'><strong>graves,</strong></span> 
     </span>
     <span class='ocr_line' id='line_1_7' title="bbox 344 1352 1136 1439; baseline 0.001 -23"><span class='ocrx_word' id='word_1_26' title='bbox 344 1354 505 1434; x_wconf 85' lang='lat' dir='ltr'>Leporem</span> <span class='ocrx_word' id='word_1_27' title='bbox 525 1352 719 1439; x_wconf 82' lang='lat' dir='ltr'><strong>obiurgabat</strong></span> <span class='ocrx_word' id='word_1_28' title='bbox 729 1356 857 1416; x_wconf 79' lang='lat' dir='ltr'><strong>Passer:</strong></span> <span class='ocrx_word' id='word_1_29' title='bbox 878 1354 944 1416; x_wconf 88' lang='lat' dir='ltr'><strong>Ubi</strong></span> <span class='ocrx_word' id='word_1_30' title='bbox 962 1355 1136 1436; x_wconf 85' lang='lat' dir='ltr'><strong>pernicitas</strong></span> 
     </span>
     <span class='ocr_line' id='line_1_8' title="bbox 344 1449 1295 1564; baseline 0.007 -40"><span class='ocrx_word' id='word_1_31' title='bbox 344 1465 429 1524; x_wconf 88' lang='lat' dir='ltr'><strong>Nota</strong></span> <span class='ocrx_word' id='word_1_32' title='bbox 435 1463 577 1545; x_wconf 83' lang='lat' dir='ltr'><strong>,inquit‚</strong></span> <span class='ocrx_word' id='word_1_33' title='bbox 589 1464 646 1564; x_wconf 85' lang='lat' dir='ltr'><strong>illa</strong></span> <span class='ocrx_word' id='word_1_34' title='bbox 657 1467 726 1526; x_wconf 77' lang='lat' dir='ltr'><strong>est?</strong></span> <span class='ocrx_word' id='word_1_35' title='bbox 739 1465 819 1544; x_wconf 88' lang='lat' dir='ltr'><strong>quid</strong></span> <span class='ocrx_word' id='word_1_36' title='bbox 834 1464 879 1526; x_wconf 87' lang='lat' dir='ltr'><strong>ita</strong></span> <span class='ocrx_word' id='word_1_37' title='bbox 897 1476 1061 1528; x_wconf 86' lang='lat' dir='ltr'><strong>cessarunt</strong></span> <span class='ocrx_word' id='word_1_38' title='bbox 1075 1449 1198 1548; x_wconf 82' lang='lat' dir='ltr'><strong>pedes?</strong></span> <span class='ocrx_word' id='word_1_39' title='bbox 1276 1471 1295 1532; x_wconf 74' lang='grc' dir='ltr'><strong><em>ὁ</em></strong></span> 
     </span>
     <span class='ocr_line' id='line_1_9' title="bbox 324 1556 1253 1664; baseline 0.011 -32"><span class='ocrx_word' id='word_1_40' title='bbox 324 1589 326 1592; x_wconf 78' lang='grc'><strong>’</strong></span> <span class='ocrx_word' id='word_1_41' title='bbox 345 1573 434 1634; x_wconf 91' lang='lat' dir='ltr'><strong>Dum</strong></span> <span class='ocrx_word' id='word_1_42' title='bbox 447 1571 635 1655; x_wconf 86' lang='lat' dir='ltr'><strong>loquitur,</strong></span> <span class='ocrx_word' id='word_1_43' title='bbox 625 1556 733 1656; x_wconf 84' lang='lat' dir='ltr'><strong>ipsum</strong></span> <span class='ocrx_word' id='word_1_44' title='bbox 746 1577 909 1660; x_wconf 74' lang='lat' dir='ltr'><strong>Accipiter</strong></span> <span class='ocrx_word' id='word_1_45' title='bbox 920 1599 981 1640; x_wconf 86' lang='lat' dir='ltr'><strong>nee</strong></span> <span class='ocrx_word' id='word_1_46' title='bbox 996 1577 1135 1660; x_wconf 88' lang='lat' dir='ltr'><strong>opinum</strong></span> <span class='ocrx_word' id='word_1_47' title='bbox 1147 1579 1253 1664; x_wconf 86' lang='lat' dir='ltr'><strong>rapit,</strong></span> 
     </span>
    </p>
   </div>
   <div class='ocr_carea' id='block_1_5' title="bbox 237 1673 1039 1760">
    <p class='ocr_par' dir='ltr' id='par_1_5' title="bbox 237 1673 1039 1760">
     <span class='ocr_line' id='line_1_10' title="bbox 237 1673 1039 1760; baseline 0.02 -25"><span class='ocrx_word' id='word_1_48' title='bbox 237 1691 240 1706; x_wconf 90' lang='grc'><strong><em>·</em></strong></span> <span class='ocrx_word' id='word_1_49' title='bbox 345 1681 534 1760; x_wconf 78' lang='lat' dir='ltr'><strong>Questuque</strong></span> <span class='ocrx_word' id='word_1_50' title='bbox 546 1673 631 1743; x_wconf 83' lang='lat' dir='ltr'><strong>vano</strong></span> <span class='ocrx_word' id='word_1_51' title='bbox 644 1685 865 1748; x_wconf 81' lang='lat' dir='ltr'><strong>clamitantem</strong></span> <span class='ocrx_word' id='word_1_52' title='bbox 878 1686 1039 1756; x_wconf 77' lang='lat' dir='ltr'><strong>interficit.</strong></span> 
     </span>
    </p>
   </div>
   <div class='ocr_carea' id='block_1_6' title="bbox 344 1781 1006 1868">
    <p class='ocr_par' dir='ltr' id='par_1_6' title="bbox 344 1781 1006 1868">
     <span class='ocr_line' id='line_1_11' title="bbox 344 1781 1006 1868; baseline 0.016 -20"><span class='ocrx_word' id='word_1_53' title='bbox 344 1781 453 1868; x_wconf 84' lang='lat' dir='ltr'><strong>Lepus</strong></span> <span class='ocrx_word' id='word_1_54' title='bbox 468 1787 679 1853; x_wconf 82' lang='lat' dir='ltr'><strong>semianimus</strong></span> <span class='ocrx_word' id='word_1_55' title='bbox 696 1792 830 1856; x_wconf 87' lang='lat' dir='ltr'><strong>mortis</strong></span> <span class='ocrx_word' id='word_1_56' title='bbox 820 1817 854 1856; x_wconf 84' lang='lat' dir='ltr'><strong>ru</strong></span> <span class='ocrx_word' id='word_1_57' title='bbox 872 1796 1006 1858; x_wconf 84' lang='lat' dir='ltr'><strong>solatio.</strong></span> 
     </span>
    </p>
   </div>
   <div class='ocr_carea' id='block_1_7' title="bbox 176 1890 1080 2089">
    <p class='ocr_par' dir='ltr' id='par_1_7' title="bbox 176 1890 1080 2089">
     <span class='ocr_line' id='line_1_12' title="bbox 241 1890 1080 1988; baseline 0.02 -39"><span class='ocrx_word' id='word_1_58' title='bbox 241 1977 244 1982; x_wconf 24' lang='grc' dir='ltr'>Ι</span> <span class='ocrx_word' id='word_1_59' title='bbox 346 1890 412 1974; x_wconf 80' lang='lat' dir='ltr'><strong>Qui</strong></span> <span class='ocrx_word' id='word_1_60' title='bbox 426 1895 525 1955; x_wconf 87' lang='lat' dir='ltr'><strong>modo</strong></span> <span class='ocrx_word' id='word_1_61' title='bbox 539 1915 670 1959; x_wconf 87' lang='lat' dir='ltr'><strong>securus</strong></span> <span class='ocrx_word' id='word_1_62' title='bbox 686 1909 796 1961; x_wconf 85' lang='lat' dir='ltr'><strong>nostra</strong></span> <span class='ocrx_word' id='word_1_63' title='bbox 809 1899 968 1967; x_wconf 82' lang='lat' dir='ltr'><strong>irridebas</strong></span> <span class='ocrx_word' id='word_1_64' title='bbox 979 1906 1080 1988; x_wconf 84' lang='lat' dir='ltr'><strong>mala,</strong></span> 
     </span>
     <span class='ocr_line' id='line_1_13' title="bbox 176 1997 960 2089; baseline 0.019 -33"><span class='ocrx_word' id='word_1_65' title='bbox 176 2031 179 2038; x_wconf 72' lang='lat'>‚</span> <span class='ocrx_word' id='word_1_66' title='bbox 252 2083 254 2089; x_wconf 69' lang='lat'>,</span> <span class='ocrx_word' id='word_1_67' title='bbox 345 1997 594 2081; x_wconf 86' lang='lat' dir='ltr'><strong>Similiquerela</strong></span> <span class='ocrx_word' id='word_1_68' title='bbox 607 2003 673 2066; x_wconf 84' lang='lat' dir='ltr'><strong>fata</strong></span> <span class='ocrx_word' id='word_1_69' title='bbox 688 2005 839 2089; x_wconf 80' lang='lat' dir='ltr'>deploras</span> <span class='ocrx_word' id='word_1_70' title='bbox 855 2017 920 2070; x_wconf 86' lang='lat' dir='ltr'><strong>tua.</strong></span> <span class='ocrx_word' id='word_1_71' title='bbox 954 2015 960 2022; x_wconf 82' lang='lat'><em>&#39;</em></span> 
     </span>
    </p>
   </div>
   <div class='ocr_carea' id='block_1_8' title="bbox 620 2200 1018 2305">
    <p class='ocr_par' dir='ltr' id='par_1_8' title="bbox 620 2200 1018 2305">
     <span class='ocr_line' id='line_1_14' title="bbox 620 2200 1018 2305; baseline 0.018 -31"><span class='ocrx_word' id='word_1_72' title='bbox 620 2200 925 2305; x_wconf 75' lang='lat' dir='ltr'>FABULA</span> <span class='ocrx_word' id='word_1_73' title='bbox 973 2210 1018 2280; x_wconf 62' lang='lat' dir='ltr'><strong>X„</strong></span> 
     </span>
    </p>
   </div>
   <div class='ocr_carea' id='block_1_9' title="bbox 465 2389 1163 2493">
    <p class='ocr_par' dir='ltr' id='par_1_9' title="bbox 465 2389 1163 2493">
     <span class='ocr_line' id='line_1_15' title="bbox 465 2389 1163 2493; baseline 0.016 -49"><span class='ocrx_word' id='word_1_74' title='bbox 465 2389 590 2447; x_wconf 83' lang='lat' dir='ltr'><strong>LUPUS</strong></span> <span class='ocrx_word' id='word_1_75' title='bbox 615 2394 667 2449; x_wconf 82' lang='grc' dir='ltr'><strong>ΕΤ</strong></span> <span class='ocrx_word' id='word_1_76' title='bbox 694 2397 840 2452; x_wconf 86' lang='lat' dir='ltr'><strong>VULPIS</strong></span> <span class='ocrx_word' id='word_1_77' title='bbox 869 2397 1008 2493; x_wconf 77' lang='lat' dir='ltr'><strong>IllDICE</strong></span> <span class='ocrx_word' id='word_1_78' title='bbox 1034 2402 1163 2455; x_wconf 84' lang='lat' dir='ltr'><strong>SlMIO·</strong></span> 
     </span>
    </p>
   </div>
   <div class='ocr_carea' id='block_1_10' title="bbox 333 2499 1093 2750">
    <p class='ocr_par' dir='ltr' id='par_1_10' title="bbox 333 2499 1093 2736">
     <span class='ocr_line' id='line_1_16' title="bbox 333 2499 1093 2651; baseline 0.018 -36"><span class='ocrx_word' id='word_1_79' title='bbox 333 2499 577 2651; x_wconf 48' lang='lat' dir='ltr'><strong>‘ereuueue</strong></span> <span class='ocrx_word' id='word_1_80' title='bbox 594 2553 681 2643; x_wconf 85' lang='lat' dir='ltr'><strong>turpi</strong></span> <span class='ocrx_word' id='word_1_81' title='bbox 694 2561 809 2624; x_wconf 87' lang='lat' dir='ltr'><strong>fraude</strong></span> <span class='ocrx_word' id='word_1_82' title='bbox 820 2565 942 2628; x_wconf 90' lang='lat' dir='ltr'><strong>semel&#39;</strong></span> <span class='ocrx_word' id='word_1_83' title='bbox 931 2566 1093 2650; x_wconf 72' lang='lat' dir='ltr'><strong>moluit,</strong></span> 
     </span>
     <span class='ocr_line' id='line_1_17' title="bbox 344 2661 983 2750; baseline 0.021 -29"><span class='ocrx_word' id='word_1_84' title='bbox 344 2661 605 2731; x_wconf 84' lang='lat' dir='ltr'><strong>Etiamsiverum</strong></span> <span class='ocrx_word' id='word_1_85' title='bbox 625 2668 721 2750; x_wconf 81' lang='lat' dir='ltr'><strong>dicit,</strong></span> <span class='ocrx_word' id='word_1_86' title='bbox 740 2669 858 2734; x_wconf 86' lang='lat' dir='ltr'><strong>amittit</strong></span> <span class='ocrx_word' id='word_1_87' title='bbox 874 2671 983 2737; x_wconf 88' lang='lat' dir='ltr'><strong>fidem.</strong></span> 
     </span>
    </p>
   </div>
   <div class='ocr_carea' id='block_1_11' title="bbox 316 2761 1290 3172">
    <p class='ocr_par' dir='ltr' id='par_1_11' title="bbox 316 2761 1290 3172">
     <span class='ocr_line' id='line_1_18' title="bbox 316 2761 993 2864; baseline 0.01 -26"><span class='ocrx_word' id='word_1_88' title='bbox 316 2815 318 2820; x_wconf 85' lang='lat'><em>·</em></span> <span class='ocrx_word' id='word_1_89' title='bbox 346 2774 419 2839; x_wconf 77' lang='lat' dir='ltr'><strong>Hoc</strong></span> <span class='ocrx_word' id='word_1_90' title='bbox 433 2784 601 2838; x_wconf 82' lang='lat' dir='ltr'><strong>attestatur</strong></span> <span class='ocrx_word' id='word_1_91' title='bbox 613 2761 720 2840; x_wconf 83' lang='lat' dir='ltr'><strong>brevis</strong></span> <span class='ocrx_word' id='word_1_92' title='bbox 736 2773 856 2864; x_wconf 75' lang='lat' dir='ltr'><strong>Aesopi</strong></span> <span class='ocrx_word' id='word_1_93' title='bbox 873 2782 993 2847; x_wconf 83' lang='lat' dir='ltr'><strong>fabula.</strong></span> 
     </span>
     <span class='ocr_line' id='line_1_19' title="bbox 385 2879 1090 2967; baseline 0.018 -27"><span class='ocrx_word' id='word_1_94' title='bbox 385 2879 498 2962; x_wconf 81' lang='lat' dir='ltr'>Lupus</span> <span class='ocrx_word' id='word_1_95' title='bbox 511 2884 668 2966; x_wconf 80' lang='lat' dir='ltr'><strong>arguebat</strong></span> <span class='ocrx_word' id='word_1_96' title='bbox 680 2886 823 2967; x_wconf 88' lang='lat' dir='ltr'><strong>Vulpem</strong></span> <span class='ocrx_word' id='word_1_97' title='bbox 839 2885 919 2950; x_wconf 76' lang='lat' dir='ltr'><strong>furti</strong></span> <span class='ocrx_word' id='word_1_98' title='bbox 936 2887 1090 2953; x_wconf 85' lang='lat' dir='ltr'><strong>crimine:</strong></span> 
     </span>
     <span class='ocr_line' id='line_1_20' title="bbox 345 2985 1290 3082; baseline 0.014 -30"><span class='ocrx_word' id='word_1_99' title='bbox 345 2991 491 3074; x_wconf 82' lang='lat' dir='ltr'><strong>Negabat</strong></span> <span class='ocrx_word' id='word_1_100' title='bbox 505 2991 579 3072; x_wconf 90' lang='lat' dir='ltr'><strong>illa,</strong></span> <span class='ocrx_word' id='word_1_101' title='bbox 596 3013 630 3056; x_wconf 93' lang='lat' dir='ltr'><strong>se</strong></span> <span class='ocrx_word' id='word_1_102' title='bbox 642 3013 710 3058; x_wconf 83' lang='lat' dir='ltr'><strong>esse</strong></span> <span class='ocrx_word' id='word_1_103' title='bbox 727 2998 842 3080; x_wconf 85' lang='lat' dir='ltr'><strong>culpae</strong></span> <span class='ocrx_word' id='word_1_104' title='bbox 860 3000 1061 3082; x_wconf 87' lang='lat' dir='ltr'><strong>proximam:</strong></span> <span class='ocrx_word' id='word_1_105' title='bbox 1167 2985 1172 2990; x_wconf 39' lang='lat'>¹</span> <span class='ocrx_word' id='word_1_106' title='bbox 1273 3001 1290 3064; x_wconf 79' lang='lat'>5</span> 
     </span>
     <span class='ocr_line' id='line_1_21' title="bbox 346 3096 989 3172; baseline 0.023 -18"><span class='ocrx_word' id='word_1_107' title='bbox 346 3097 439 3158; x_wconf 88' lang='lat' dir='ltr'><strong>Tune</strong></span> <span class='ocrx_word' id='word_1_108' title='bbox 459 3096 558 3161; x_wconf 88' lang='lat' dir='ltr'><strong>iudex</strong></span> <span class='ocrx_word' id='word_1_109' title='bbox 570 3098 656 3164; x_wconf 85' lang='lat' dir='ltr'><strong>inter</strong></span> <span class='ocrx_word' id='word_1_110' title='bbox 668 3101 743 3166; x_wconf 91' lang='lat' dir='ltr'><strong>illos</strong></span> <span class='ocrx_word' id='word_1_111' title='bbox 761 3105 843 3166; x_wconf 86' lang='lat' dir='ltr'><strong>sedit</strong></span> <span class='ocrx_word' id='word_1_112' title='bbox 861 3106 989 3172; x_wconf 87' lang='lat' dir='ltr'><strong>Simius.</strong></span> 
     </span>
    </p>
   </div>
   <div class='ocr_carea' id='block_1_12' title="bbox 247 3205 1073 3402">
    <p class='ocr_par' dir='ltr' id='par_1_12' title="bbox 247 3205 1073 3402">
     <span class='ocr_line' id='line_1_22' title="bbox 247 3205 1073 3303; baseline 0.028 -44"><span class='ocrx_word' id='word_1_113' title='bbox 247 3227 249 3232; x_wconf 96' lang='lat'>·</span> <span class='ocrx_word' id='word_1_114' title='bbox 346 3205 488 3284; x_wconf 83' lang='lat' dir='ltr'><strong>Uterque</strong></span> <span class='ocrx_word' id='word_1_115' title='bbox 504 3226 634 3274; x_wconf 88' lang='lat' dir='ltr'><strong>eausam</strong></span> <span class='ocrx_word' id='word_1_116' title='bbox 654 3235 729 3280; x_wconf 89' lang='lat' dir='ltr'><strong>cum</strong></span> <span class='ocrx_word' id='word_1_117' title='bbox 743 3228 947 3299; x_wconf 88' lang='lat' dir='ltr'><strong>perorassent</strong></span> <span class='ocrx_word' id='word_1_118' title='bbox 965 3239 1073 3303; x_wconf 86' lang='lat' dir='ltr'><strong>suam,</strong></span> 
     </span>
     <span class='ocr_line' id='line_1_23' title="bbox 346 3309 1053 3402; baseline 0.031 -32"><span class='ocrx_word' id='word_1_119' title='bbox 346 3309 474 3372; x_wconf 83' lang='lat' dir='ltr'><strong>Dixisse</strong></span> <span class='ocrx_word' id='word_1_120' title='bbox 489 3313 592 3377; x_wconf 83' lang='lat' dir='ltr'><strong>fertur</strong></span> <span class='ocrx_word' id='word_1_121' title='bbox 605 3318 733 3388; x_wconf 84' lang='lat' dir='ltr'><strong>Simius</strong></span> <span class='ocrx_word' id='word_1_122' title='bbox 743 3324 953 3389; x_wconf 85' lang='lat' dir='ltr'><strong>sententiam:</strong></span> <span class='ocrx_word' id='word_1_123' title='bbox 1049 3391 1053 3402; x_wconf 66' lang='grc'><strong>,</strong></span> 
     </span>
    </p>
   </div>
   <div class='ocr_carea' id='block_1_13' title="bbox 346 3418 1293 3636">
    <p class='ocr_par' dir='ltr' id='par_1_13' title="bbox 346 3418 1293 3636">
     <span class='ocr_line' id='line_1_24' title="bbox 346 3418 1044 3520; baseline 0.033 -41"><span class='ocrx_word' id='word_1_124' title='bbox 346 3418 396 3479; x_wconf 90' lang='lat' dir='ltr'><strong>Tu</strong></span> <span class='ocrx_word' id='word_1_125' title='bbox 416 3439 484 3482; x_wconf 88' lang='lat' dir='ltr'><strong>nou</strong></span> <span class='ocrx_word' id='word_1_126' title='bbox 500 3421 621 3487; x_wconf 87' lang='lat' dir='ltr'><strong>videris</strong></span> <span class='ocrx_word' id='word_1_127' title='bbox 635 3430 828 3516; x_wconf 79' lang='lat' dir='ltr'><strong>perdidisse,</strong></span> <span class='ocrx_word' id='word_1_128' title='bbox 838 3438 927 3514; x_wconf 82' lang='lat' dir='ltr'><strong>quod</strong></span> <span class='ocrx_word' id='word_1_129' title='bbox 943 3437 1044 3520; x_wconf 82' lang='lat' dir='ltr'><strong>pelis3</strong></span> 
     </span>
     <span class='ocr_line' id='line_1_25' title="bbox 346 3525 1293 3636; baseline 0.031 -48"><span class='ocrx_word' id='word_1_130' title='bbox 346 3525 393 3590; x_wconf 85' lang='lat' dir='ltr'><strong>Te</strong></span> <span class='ocrx_word' id='word_1_131' title='bbox 406 3531 503 3594; x_wconf 78' lang='lat' dir='ltr'><strong>eredo</strong></span> <span class='ocrx_word' id='word_1_132' title='bbox 515 3533 722 3623; x_wconf 65' lang='lat' dir='ltr'><strong>surripuisw,</strong></span> <span class='ocrx_word' id='word_1_133' title='bbox 738 3546 828 3624; x_wconf 87' lang='lat' dir='ltr'><strong>quod</strong></span> <span class='ocrx_word' id='word_1_134' title='bbox 840 3545 978 3630; x_wconf 87' lang='lat' dir='ltr'><strong>pulchre</strong></span> <span class='ocrx_word' id='word_1_135' title='bbox 992 3567 1101 3636; x_wconf 81' lang='lat' dir='ltr'><strong>negas.</strong></span> <span class='ocrx_word' id='word_1_136' title='bbox 1254 3563 1293 3614; x_wconf 85' lang='lat' dir='ltr'><strong>td</strong></span> 
     </span>
    </p>
   </div>
   <div class='ocr_carea' id='block_1_14' title="bbox 0 0 1467 4788">
    <p class='ocr_par' dir='ltr' id='par_1_14' title="bbox 0 0 1467 4788">
     <span class='ocr_line' id='line_1_26' title="bbox 0 0 1467 4788; baseline 0 0"><span class='ocrx_word' id='word_1_137' title='bbox 0 0 1467 4788; x_wconf 95' lang='lat' dir='ltr'><strong> </strong></span> 
     </span>
    </p>
   </div>
  </div>
 </body>
</html>
