2848 4792
456 454 775 518 FABULAE.
978 447 1090 521 'aaa

138 600 174 664 Si
186 600 296 664 vincat
306 619 452 663 summus
465 597 657 676 minimum,
671 594 718 658 sic
729 595 860 658 vincere
874 594 964 659 vinci
978 603 1049 670 cst.¹

181 708 319 770 Vincere
329 725 422 790 posse
434 707 542 784 decet,
558 703 688 772 vincere
705 701 832 766 crimen
847 703 955 763 habet.
1053 723 1090 764 ιο

138 811 174 874 Si
189 822 295 872 tamen
306 812 369 871 hoc
381 812 479 872 decus
488 819 550 887 est,
565 809 593 870 si
606 808 677 868 laus
687 805 733 866 sic
751 803 897 879 vinceret
909 806 979 867 laus
989 806 1069 868 haec

180 923 220 982 Et
230 907 328 984 decus
339 922 419 999 hoc,
430 917 570 979 minimo
589 914 645 977 fiet
657 915 698 976 ab
714 915 805 978 hoste
822 913 941 977 minus.

137 1029 190 1090 De
205 1027 311 1108 pretio
327 1024 404 1089 victi
417 1027 538 1107 pendet
558 1022 712 1100 uictoria:
729 1022 836 1086 victor
1012 1019 1015 1024 Δ

179 1139 302 1197 Tantus
316 1132 393 1209 erit,
412 1129 495 1204 victi
506 1127 613 1213 gloria
632 1138 753 1207 quanta
768 1127 840 1192 fuit.
910 1203 916 1218 κ

72 1257 80 1268 '
137 1244 213 1303 Mus
225 1239 308 1319 abit,
322 1249 352 1299 et
362 1246 469 1322 grates
484 1231 605 1295 reddit:
621 1233 648 1297 si
663 1238 799 1298 reddere
814 1236 930 1319 possit,
1049 1237 1089 1298 ‘15

180 1349 325 1428 Spondet
337 1363 452 1427 opem:
469 1341 558 1406 solus
572 1338 609 1402 fit
623 1351 716 1404 mora
731 1362 833 1424 parva
846 1342 925 1407 dics.

137 1453 221 1514 Nam
234 1453 299 1512 Leo
310 1461 377 1510 rete
387 1446 474 1510 subit
482 1469 491 1524 3
506 1466 567 1508 nec
580 1448 711 1526 prodest
724 1447 847 1510 viribus
865 1448 932 1529 uti,

179 1559 241 1619 Sed
254 1557 384 1638 prodest
400 1557 538 1634 querulo
557 1574 726 1616 murmure
740 1556 861 1616 damna
877 1551 980 1633 loqui.
1094 1630 1103 1640 ..

137 1661 212 1728 Mus
229 1663 328 1744 redit,
342 1666 432 1726 hunc
442 1662 580 1746 reperit,
595 1662 698 1725 cernit
710 1665 794 1744 loca,
808 1663 941 1725 vincula
952 1637 1056 1724 rodit':

179 1775 249 1834 Hac
263 1792 326 1853 ope
337 1781 451 1852 pensat
462 1791 576 1862 opem3
596 1772 643 1832 sic
654 1773 719 1833 leo
732 1784 819 1834 tutus
833 1770 911 1833 abit.
983 1829 986 1840 ,
1051 1786 1091 1830 ao

139 1883 222 1944 Rem
242 1879 349 1961 potuit
367 1887 490 1939 tantam
506 1878 636 1940 minimi
648 1879 822 1960 prudentia
832 1878 955 1960 dentis,

181 1985 243 2047 Cui
256 1989 310 2054 len
328 1986 408 2045 dans
425 1983 556 2046 veniam
570 2005 604 2047 se
622 1985 713 2044 dedit
726 1983 795 2065 ipse
810 1983 882 2044 sibi.
993 1971 997 1977 ’

139 2093 191 2154 Tu
207 2089 263 2170 qui
275 2107 402 2150 summa
416 2098 522 2170 potes,
539 2110 581 2152 ne
595 2089 723 2171 despice
738 2108 840 2170 parva
854 2095 1037 2170 potentem:

182 2198 266 2257 Nam
281 2196 434 2278 prodesse
446 2197 543 2278 solet,
556 2195 585 2258 si
598 2195 670 2276 quis
685 2197 796 2258 obesse
809 2194 931 2277 nequit.

380 2380 684 2454 FABULA
732 2383 857 2455 XIX.

317 2559 377 2612 na
405 2519 551 2615 minuo
575 2557 918 2634 sannorum.

141 2676 281 2792 Monet
292 2730 378 2791 mole
389 2728 474 2792 iacet
485 2729 624 2815 Miluus,
636 2743 839 2814 matremque
850 2737 1019 2815 precatur,
1126 2753 1131 2763 ·

180 2835 224 2895 Ut
233 2854 294 2916 pro
306 2856 341 2898 se
356 2836 488 2919 Superis
500 2840 554 2900 det
569 2859 676 2921 sacra,
690 2842 809 2920 detque
826 2855 947 2920 preces.

142 2945 246 3026 Mat-ter
257 2942 320 3024 ait,
335 2937 383 3007 Mi
397 2956 489 3025 nate,
505 2947 591 3010 Deos
603 2955 636 3009 et
649 2966 739 3012 sacra
747 2948 894 3009 Deorum
917 2935 922 2942 Δ

180 3047 330 3110 Laesisti:
347 3051 496 3112 recolunt
508 3050 610 3133 impia
622 3051 707 3116 facta
721 3028 795 3114 Dei.
812 3045 828 3104 ’-

142 3156 294 3219 Criminis
307 3159 428 3220 ultores
444 3169 580 3240 pensant
596 3179 657 3242 pro
670 3158 807 3224 crimine
821 3179 972 3242 poenam.
1070 3156 1089 3217 6

180 3266 266 3326 Dum
280 3284 371 3328 sacra
387 3268 550 3346 turbares,
564 3285 670 3347 poena
684 3264 826 3328 timenda
840 3265 913 3328 fuit.

142 3373 188 3434 Te
199 3373 286 3458 cogit
297 3373 395 3436 timor
409 3396 476 3438 csse
487 3374 598 3456 pium,
614 3385 643 3438 te
656 3398 763 3460 poena
775 3376 920 3458 fidelem:
972 3369 977 3378 ¹

183 3476 247 3538 Hic
261 3477 374 3561 timor,
391 3461 472 3544 haec
488 3481 591 3563 pietas
604 3504 678 3544 cum
694 3502 773 3545 nece
787 3501 856 3544 sera
871 3481 972 3544 venit.

144 3583 210 3668 Qui
225 3586 366 3646 maculat
378 3588 497 3669 vitam,
516 3593 654 3653 mundas
668 3613 727 3653 cur
741 3589 855 3652 incolit
868 3589 963 3650 aras?

185 3692 291 3774 Quem
302 3711 362 3782 sua
372 3692 456 3756 facta
469 3708 641 3779 premunt,
656 3719 714 3760 cur
724 3695 832 3760 aliena
845 3679 956 3758 levat?
1057 3715 1093 3760 to
