2916 4790
426 517 431 524 ’
501 509 701 573 LIBER
741 515 767 576 1.

158 657 270 720 Alium
288 663 439 744 rogantes
456 677 567 743 regem
584 659 702 723 misere
718 664 768 722 ad·
780 663 908 744 Iovem,
963 735 969 740 ,

44 759 59 772 '
88 848 95 860 Ι
161 762 290 825 Inutilis
303 761 459 842 qnoniam
473 773 570 845 esset,
584 762 641 845 qui
654 766 759 828 fuerat
776 768 880 834 datus,

139 925 141 932 .
161 869 248 929 Tum
267 868 352 936 misit
367 867 435 930 illis
451 869 613 949 hydrum,
627 867 684 948 qui
698 871 794 933 deute
809 888 923 954 aspero

163 969 335 1052 Corripere
347 969 454 1052 coepit
464 968 625 1052 singulas:
642 968 760 1032 frustra
778 991 890 1034 necem
1074 976 1109 1038 26

162 1071 316 1157 Fugitant
329 1070 467 1134 inertes:
481 1073 599 1131 'vocem
612 1069 794 1150 praecludit
808 1085 921 1137 metus.

162 1177 286 1238 Furtim
297 1175 398 1262 igitur
411 1177 491 1238 dant
505 1174 668 1240 Mercurio
687 1178 838 1242 mandata
853 1180 895 1240 ad
909 1181 1038 1264 Iovem,

163 1281 311 1344 Adflictis
328 1291 364 1344 ut
378 1289 554 1343 succurrat.
575 1282 669 1342 Tunc
684 1291 797 1344 contro
810 1285 918 1345 Deus:

164 1386 251 1470 Quia
270 1384 418 1448 noluistis
431 1395 575 1448 vestrum
586 1386 687 1466 ferre,
703 1386 828 1468 inquit,
849 1391 993 1470 bonum,

164 1494 290 1554 Malum
306 1491 456 1573 perferte.
471 1494 537 1556 Vos
549 1510 695 1572 quoque,
711 1511 732 1554 o
745 1492 846 1576 cives,
862 1493 923 1576 ait,
1070 1502 1111 1560 30

164 1599 238 1662 Hoc
254 1598 424 1680 sustinete,
437 1597 543 1660 maius
562 1618 605 1660 ne
615 1599 744 1682 veniat,
759 1603 894 1664 malum.

419 1795 853 1872 rnsunnlu.
955 1780 993 1911 χ

192 1923 194 1930 ¹
252 1979 502 2033 onncuuus
529 1940 857 2034 succursus-ss
884 1962 1022 2035 ruvo.⁸

166 2081 243 2198 Ns
255 2109 390 2214 gloriari
403 2128 503 2192 libeat
518 2127 634 2193 alienis
651 2129 762 2210 bonis,

166 2233 297 2312 Suoque
307 2233 415 2313 potius
426 2231 540 2294 habitu
552 2231 654 2293 vitam
669 2232 804 2316 degere,

166 2338 312 2417 Aesopus
326 2334 419 2396 nobis
430 2336 494 2396 hoc
504 2335 692 2416 exemplum
702 2333 858 2416 prodidit.

207 2441 351 2502 Tumens
364 2433 625 2502 inani'Graculus
641 2437 812 2518 superbia,
1021 2514 1023 2524 ,

167 2550 293 2612 Pennas
302 2590 312 2626 ,
328 2542 452 2606 Paconi
468 2563 554 2626 quae
571 2542 775 2638 deciderant,
792 2539 937 2622 sustulit,
1095 2543 1113 2603 5

167 2654 272 2732 Seque
285 2648 470 2712 exornavit:
492 2648 570 2710 dein
589 2658 798 2710 contemnens
816 2659 892 2710 suos

167 2759 322 2818 Formoso
338 2773 374 2814 se
387 2737 558 2813 Parorium
575 2750 753 2814 immiscuit
770 2751 875 2838 gregi.

167 2861 221 2922 llli
237 2856 420 2942 impudenti
434 2875 558 2940 pennas
575 2856 718 2939 eripiunt
733 2858 805 2938 avi,

167 2970 357 3051 Fugantque
374 2965 495 3029 rostris.
509 2968 595 3028 Mate
613 2967 772 3029 mulcatus
784 2967 944 3030 Graculus

167 3073 287 3136 Redire
304 3091 452 3135 moerens
467 3073 575 3156 coepit
591 3075 634 3134 ad
648 3075 820 3156 proprium
837 3092 959 3158 genus:
1076 3091 1114 3132 ro

168 3183 195 3241 A
208 3198 275 3260 quo
287 3179 436 3260 repulsus
448 3177 572 3241 tristem
584 3177 736 3240 sustinuit
754 3189 875 3244 notam.

168 3285 253 3345 Tum
268 3283 404 3364 quidam
420 3303 460 3344 ex
474 3280 559 3364 illis,
575 3302 657 3362 quos
674 3281 765 3364 prius
781 3283 987 3365 despexerat:

169 3385 478 3451 Contentus‘nostris
494 3387 522 3450 si
539 3387 652 3451 fuisses
668 3387 815 3466 sedibus,

168 3491 226 3571 Et,
240 3493 329 3571 quod
345 3501 462 3554 natura
473 3493 623 3571 dederat,
638 3491 794 3556 voluisses
810 3491 897 3574 pati,
938 3493 941 3500 ’

169 3599 234 3658 Nee
251 3595 342 3659 illam
356 3608 505 3681 expertus
517 3619 599 3662 esses
615 3587 843 3662 contumeliam
852 3611 870 3678 ,⁴
1079 3597 1112 3656 15

169 3705 236 3764 Nec
253 3705 338 3766 hanc
354 3708 518 3790 repulsum
536 3715 591 3768 tua
604 3707 736 3771 sentiret
753 3704 929 3769 calamitas.
