2750 4782
268 1189 270 1197 '
336 1190 400 1250 Ista
411 1179 543 1264 quidem
555 1167 651 1234 vestit
662 1179 780 1226 aureus
792 1173 883 1218 arma
895 1153 1003 1214 decor.

297 1289 411 1358 Obstat
422 1283 547 1348 Asellus
557 1277 666 1354 Equo:
682 1261 772 1328 uicus
786 1252 909 1340 premit
922 1257 1010 1312 artus
1019 1243 1185 1322 Asellum,

336 1395 440 1456 Vexat
453 1399 562 1466 onus,
570 1371 676 1436 tardat
688 1371 783 1426 nutus
793 1355 903 1420 eundo
914 1351 1018 1432 lalior.

298 1497 397 1584 Quod
406 1487 469 1554 sihi
479 1480 609 1568 claudat
618 1474 695 1552 iter,
709 1466 838 1546 sonipes
848 1459 1003 1523 inclamat
1014 1451 1180 1516 Asellum:
1241 1439 1269 1505 5

339 1588 493 1662 Occurris
506 1579 658 1656 domino,
675 1569 750 1660 uilis
764 1566 885 1644 Aselle,
902 1559 980 1622 tuo?

297 1705 363 1772 Vix
376 1696 435 1760 tihi
448 1695 492 1754 do
507 1682 638 1748 veniam
649 1679 691 1738 de
705 1671 788 1735 tanti
804 1664 940 1730 crimine
956 1661 1075 1722 fastus:

164 1775 166 1786 Ι
234 1778 236 1782 -
339 1801 401 1868 Cui
416 1797 470 1862 via
481 1789 591 1856 danda
600 1784 684 1846 foret
696 1777 819 1855 libera,
834 1768 952 1855 dignus
967 1781 1067 1825 eram.

298 1907 442 1980 subticet
452 1901 510 1964 ille
526 1895 660 1968 timeus,
675 1891 849 1960 mutusque
862 1873 990 1956 pudore
1002 1862 1130 1930 silendo

337 2013 455 2078 Tutior
469 2013 500 2069 et
511 2000 610 2066 surda
623 1983 777 2076 praeterit
793 1999 872 2043 aure
886 1975 1002 2038 minas.

297 2127 451 2190 Summus
461 2109 544 2193 Equi
551 2101 692 2169 declinat
699 2099 823 2160 honor:
837 2090 918 2150 dum
927 2083 1057 2147 vincere
1070 2083 1192 2160 tentat,

339 2221 507 2296 Vincitur,
522 2221 553 2275 et
566 2222 697 2272 cursum
709 2196 834 2260 viscera
850 2198 946 2272 rupta
963 2192 1094 2271 negant.

298 2328 451 2396 Privatur
462 2310 622 2403 phaleris,
640 2306 735 2369 freno
746 2303 890 2378 sellaque
907 2278 1047 2356 ¹nitente:

212 2486 215 2498 .
287 2457 296 2474 ·
341 2434 440 2494 Hunc
454 2419 573 2507 premit
586 2412 715 2478 assiduo
727 2404 830 2467 rheda
844 2404 977 2462 cruenta
993 2392 1093 2478 iugo:

302 2537 390 2606 Huic
403 2545 531 2616 tergum
542 2522 660 2588 macies
669 2515 773 2595 acuit,
792 2507 1023 2594 laboryulcerat
1036 2515 1156 2561 armos.
1219 2493 1261 2556 15

344 2624 558 2730 Hunc'videt,
577 2627 678 2706 inque
691 2619 779 2681 iocos
790 2613 888 2677 audet
900 2607 1026 2676 Asellus
1037 2602 1142 2663 iners:

305 2744 383 2824 Dic,
394 2741 506 2814 sodes,
519 2732 579 2795 ubi
593 2730 672 2792 sella
688 2723 809 2798 nitens,
823 2716 882 2778 uhi
895 2710 1007 2775 nobile
1018 2702 1175 2770 frenum?

347 2849 413 2906 Cur
425 2851 471 2902 est
480 2839 561 2897 haec
573 2827 708 2905 macies,
726 2821 779 2884 cui
790 2819 851 2882 fuit
861 2815 918 2880 ille
930 2809 1037 2876 nitor?

309 2955 377 3014 Cur
387 2935 496 3006 mutiet
508 2937 562 3024 hic
574 2930 729 3023 gemitus,
748 2947 806 2990 cur
816 2924 875 2987 illa
886 2914 1038 3002 superbia
1050 2909 1153 2997 fugit?

1218 1980 1263 2022 10

348 3052 502 3119 Vindicat
518 3047 619 3109 elatos
633 3040 717 3102 iusta
734 3034 829 3096 ruina
846 3030 976 3117 gradus.
1217 3033 1256 3076 20
1366 3081 1367 3094 χ

310 3165 400 3226 Stare
413 3156 470 3216 diu
482 3171 542 3214 nec
555 3148 622 3227 vis,
638 3163 697 3204 nec
709 3141 829 3214 honor,
845 3153 905 3194 nec
917 3132 1037 3224 loma,
1050 3143 1111 3188 nec
1121 3121 1225 3202 aetat,

351 3255 475 3322 Sufficit
488 3254 523 3316 in
534 3249 674 3322 mund03
693 3243 768 3326 plus
781 3251 889 3302 tamen
904 3235 964 3296 ista
976 3233 1115 3314 placent.

313 3366 398 3436 Vive
411 3362 484 3438 diu,
499 3361 556 3420 sed
568 3355 642 3417 vive
653 3351 765 3429 miser,
778 3343 946 3424 sociosque
959 3339 1102 3402 minores

354 3468 448 3534 Disce
458 3460 543 3546 palie
557 3460 657 3522 ritum
671 3459 727 3517 dat
741 3465 796 3516 tua
809 3451 875 3515 vita
891 3445 981 3511 mihi.

314 3571 467 3644 Pennatis
481 3587 548 3631 non
564 3564 659 3628 crede
670 3558 783 3622 bonis:
799 3569 829 3620 te
843 3557 936 3619 nulla
951 3557 1091 3636 potestas
1219 3539 1258 3614 25

357 3685 398 3750 lu
408 3678 543 3746 miseros
555 3680 675 3752 armen
693 3687 771 3736 uam
784 3664 883 3733 miser
894 3679 961 3728 esse
973 3667 1076 3750 potes.
1129 3713 1132 3728 ,
