2916 4790
304 385 306 390 “
346 397 385 456 ss
455 366 457 372 ’
543 378 1097 455 runnuulrnsunnu'un

343 539 410 604 Nec
426 537 484 604 tibi
497 539 668 619 prodesse,
684 555 746 597 nee
764 533 847 596 mihi
862 534 1043 614 quidquam
1061 546 1163 617 poles.

385 649 458 710 Hoc
472 644 538 708 illis
553 664 668 725 narro,
686 643 745 724 qui
760 664 814 706 me
829 662 898 705 non
912 642 1111 730 intelligunt.

569 837 872 954 FA'BULA
921 837 1056 908 XIII.

511 1009 608 1066 Ares
628 1014 676 1065 ΕΤ
695 1013 805 1082 FUCI,
826 1013 951 1066 VESPA
971 1015 1120 1070 IUDIGE·

342 1121 451 1235 Ares
466 1169 502 1232 in
515 1169 580 1231 alta
599 1187 721 1247 quercu
738 1164 882 1230 fecerant
897 1169 1000 1231 favos.

339 1277 408 1338 Hos
423 1271 501 1336 Fuci
513 1273 632 1342 inertes
646 1291 712 1335 esse
727 1272 878 1334 dicebaut
891 1293 975 1336 suos.
1071 1321 1075 1330 ,

338 1377 394 1438 Lis
412 1378 454 1436 ad
468 1376 577 1437 forum
589 1375 727 1436 deducta
743 1384 808 1458 est,·
820 1375 928 1456 Vespa
945 1373 1064 1440 iudice.

284 1517 292 1534 ·
339 1488 431 1567 Quae
443 1501 546 1565 genus
559 1489 737 1558 utrumque
747 1488 855 1541 nosset
870 1499 945 1539 eum
960 1479 1196 1563 pulcherrime,

337 1589 459 1672 Legem
477 1586 699 1648 duobushune
714 1567 1065 1666 proposuitpartihusr
1267 1587 1287 1648 ⁵

336 1691 410 1749 Non
422 1685 657 1748 inconveniens
675 1704 809 1766 eorpus,
823 1695 857 1746 et
869 1703 928 1767 par
944 1695 990 1747 est
1007 1686 1115 1765 color,

335 1791 375 1854 In
386 1791 525 1852 dubium
539 1793 638 1872 plane
653 1813 704 1854 res
721 1803 758 1853 ut
773 1791 890 1854 merito
906 1790 1044 1853 venerit.

335 1895 399 1956 Sed
414 1915 456 1954 ne
470 1893 586 1978 religio
599 1904 712 1976 peccet
726 1895 917 1976 imprudens
935 1914 1026 1975 mea,

334 1996 433 2057 Alvos
450 1992 602 2075 accipite,
617 2005 649 2055 et
665 1994 746 2057 ceris
759 1978 1037 2076 opusinfundite,

245 2137 246 2142 κ
334 2103 379 2163 Ut
393 2122 432 2163 ex
450 2119 565 2183 sapore
576 2099 699 2183 mellis,
719 2111 751 2164 et
763 2101 959 2184 formrstffl,
1208 2123 1211 2130 ’
1246 2128 1285 2168 ro

333 2211 384 2271 De
395 2203 567 2290 quisnuno
581 2207 704 2294 agitur,
718 2217 831 2270 auctor
844 2209 964 2270 horum
979 2217 1146 2289 appareat.

334 2312 414 2373 Fuci
427 2321 596 2374 recusant:
609 2311 733 2393 Apibus
746 2310 893 2374 conditio
906 2314 1022 2394 placet.

333 2420 426 2480 Tunc
438 2418 496 2478 illa
513 2419 611 2480 talem
628 2417 766 2500 protulit
780 2417 993 2480 sententiam:

249 2533 252 2541 ’
333 2526 492 2606 Apertum
504 2533 567 2606 est,
580 2523 652 2604 quis
663 2541 730 2586 non
740 2524 857 2606 possit,
867 2533 924 2587 aut
936 2523 1011 2605 quis
1026 2523 1148 2588 feeerit.

333 2630 541 2712 Quapropter
552 2628 676 2710 Apibus
687 2629 830 2692 fructum
847 2629 982 2717 restituo
994 2650 1101 2694 suum.
1198 2633 1220 2652 ·’
1244 2630 1280 2692 ι5

372 2735 467 2794 Hane
485 2732 709 2813 praeterissem
720 2733 866 2838 fabulam
877 2733 1023 2817 silentio,

334 2835 369 2899 Si
380 2847 509 2918 paetum
523 2836 603 2898 Fuci
615 2856 683 2899 non
696 2850 895 2914 recusassent
904 2839 1014 2904 fidem.

562 3037 590 3114 F
614 3035 647 3108 A
671 3038 699 3108 B
723 3039 756 3110 U
779 3039 810 3110 L
833 3037 867 3109 A
915 3041 1037 3114 XIV.

589 3189 1022 3276 nesorus'nunens.

331 3320 535 3431 puerorum
549 3365 585 3425 in
597 3371 692 3430 turba
703 3369 837 3448 quidum
851 3374 1017 3436 ludentem
1028 3373 1151 3438 Asticus

216 3481 223 3528 .'
330 3473 493 3548 Aesopum
506 3465 643 3529 nudibus
658 3488 732 3531 oum
746 3471 894 3557 vidisset,
913 3477 1045 3558 restitit,

331 3573 371 3632 Et
387 3568 479 3650 quasi
497 3561 638 3629 deliruin
652 3570 730 3633 risit.
747 3575 846 3658 Quod
860 3579 960 3642 sensit
973 3579 1074 3641 sisnul

330 3674 464 3736 Derisor
476 3673 602 3754 polius,
618 3695 716 3755 quam
728 3681 924 3748 deridendus
936 3705 1050 3765 senex;

331 3780 451 3840 Arcum
466 3786 630 3844 retensum
638 3780 747 3866 posuit
762 3782 800 3849 in
811 3787 921 3852 medie
933 3786 997 3850 viu.
