2848 4792
328 397 366 460 56
525 395 753 472 PHAEDRI
772 394 1082 463 FABULARUM

325 519 437 624 Nudos
447 532 646 615 relinquunt.
662 534 757 596 Forte
777 535 989 596 Clazomenae
1001 539 1106 617 prope

324 638 468 719 Antiqua
479 638 542 700 fuit
551 638 644 718 urbs,
661 656 759 716 quam
771 624 935 720 petierunt
946 630 1107 726 naufragi.

325 740 390 809 Hie
406 745 572 809 literarum
591 742 724 824 quidam
739 742 847 806 studio
865 743 1011 823 deditus,

326 825 501 912 Simonidis
515 845 572 929 qui
585 863 681 927 saepe
696 865 805 906 versus
819 846 956 929 legerat,

325 955 467 1032 Eratque
483 951 623 1018 absentis
633 943 818 1012 admirator
835 948 1014 1030 maximus,

292 1035 296 1048 i
325 1063 482 1125 Sermone
493 1061 535 1122 ab
547 1058 619 1141 ipso
634 1058 801 1143 cognitum
815 1054 1025 1137 cupidissime

324 1169 375 1228 Ad
392 1186 425 1227 se
437 1163 571 1245 recepit3
586 1174 687 1244 veste,
703 1162 823 1241 nuntie,
843 1159 967 1222 familiai

324 1267 504 1332 Hominem
521 1259 700 1332 citornavit.
717 1265 824 1330 Ceteri
839 1267 983 1328 tabulam
997 1285 1091 1327 suam

324 1371 473 1452 Portant,
492 1381 643 1457 rogantes
659 1370 794 1436 victum·
811 1371 985 1453 Quoscasu
997 1367 1111 1432 obvios
1235 1371 1279 1432 ab

324 1474 506 1540 Simonides
519 1487 556 1538 ut
569 1475 667 1537 vidit:
685 1473 778 1553 Dixi,
794 1472 916 1560 inquit,
937 1492 1010 1534 mea
1119 1477 1123 1485 “

325 1585 456 1646 Mecum
464 1579 535 1646 *esse
547 1558 679 1660 cuncta3
691 1591 749 1646 tos
761 1584 851 1662 quod
860 1579 1030 1663 rapuistis,
1041 1572 1136 1664 perit.

549 1749 1058 1826 ruuunnxxm

481 2001 483 2006 Ι
572 1869 1029 1992 mous'ranrun1eus.

325 2003 450 2122 Mons
460 2059 659 2142 parturibat,
673 2058 812 2146 gemitus
822 2056 981 2120 immanes
994 2055 1099 2136 ciens,

324 2162 467 2241 Eratque
482 2161 623 2238 interris
637 2160 780 2249 maxima
790 2159 996 2242 exspectatio.

323 2267 365 2326 At
375 2263 432 2326 ille
442 2287 569 2328 murem
581 2266 717 2349 peperit.
735 2268 807 2328 Hoc
817 2265 973 2348 scriptum
986 2261 1122 2347 esttibi,

286 2354 293 2359 ⁷
325 2368 412 2454 Qui,
426 2389 545 2458 magna
563 2392 639 2434 cum
650 2369 801 2452 minaris,
820 2368 958 2432 extricas
971 2366 1065 2430 nihil.
1222 2353 1230 2365 ’

347 2515 463 2640 ,'
532 2538 1062 2649 rnuuanxxut

305 2688 307 2697 '
379 2663 389 2674 ‘⁴
462 2683 469 2700 '
550 2702 1049 2756 ronurcnernuscn.

228 2874 241 2882 ’
326 2791 497 2908 Fonsrrcrt
510 2851 541 2906 et
551 2847 662 2909 Musca
675 2847 914 2912 contendebant
923 2845 1040 2909 acriter
1048 2891 1060 2926 ,

324 2947 418 3028 Quae
434 2946 537 3027 pluris
552 2956 642 3012 esset.
655 2951 767 3010 Musca
782 2946 828 3012 sic
843 2947 950 3029 coepit
960 2947 1069 3031 prior:
1086 2947 1088 2952 ’

293 3097 297 3106 .
363 3052 519 3114 Conferre
530 3053 648 3116 nostris
660 3063 692 3115 tu
706 3060 798 3136 potes
810 3060 841 3114 te
857 3053 1035 3114 laudibus?

322 3153 388 3216 Ubi
404 3155 611 3238 immolatur,
628 3167 701 3228 exta
715 3164 889 3241 praegusto
905 3154 1030 3236 Deion,

321 3263 435 3320 Moror
451 3258 535 3322 inter
551 3281 637 3341 aras,
649 3261 786 3342 templa,
801 3261 962 3342 perlustro
978 3260 1106 3324 omnia:
1178 3265 1184 3274 '
1252 3261 1270 3322 5

320 3361 477 3442 incapite
492 3364 574 3448 regis
585 3367 699 3445 sedeo,
717 3386 793 3426 cum
809 3364 915 3428 visum
931 3377 978 3429 cst
995 3363 1096 3448 mihi,
1183 3363 1187 3372 ’

321 3469 361 3527 Et
371 3475 594 3528 matronarum
607 3478 694 3532 casta
708 3469 818 3531 delibo
835 3473 962 3552 oscula,

210 3608 212 3614 .
321 3570 452 3632 Laboro
464 3568 561 3652 nihil,
573 3580 670 3652 atque
684 3571 815 3654 optimis
828 3577 924 3638 rebus
934 3574 1036 3637 fruor.

323 3670 413 3756 Quid
425 3672 543 3734 horum
551 3673 660 3736 simile
679 3673 738 3736 tibi
754 3674 928 3760 contingit,
945 3675 1100 3738 Rustica?

362 3777 417 3840 Est
430 3777 590 3865 gloriosus
600 3799 677 3846 sane
693 3779 859 3846 convictus
876 3779 1006 3866 Deirm,
1235 3797 1272 3838 so
