2848 4792
313 420 354 480 do
510 409 736 474 PHAEDRI
755 408 1061 471 FABULARUM

214 603 218 611 -
286 533 290 544 ¹
307 541 424 624 *Tacite
439 563 604 644 gementes
618 551 740 616 tristem
757 552 906 614 fortunae
922 551 1039 616 vicem.

312 665 402 749 Quin
418 665 514 728 etiam
528 661 662 738 resides,
678 669 710 722 et
725 667 893 738 sequentes
910 657 1031 748 otium,

312 770 361 828 Ne
373 767 511 830 defuisse
523 773 652 843 noceat,
671 771 789 843 repunt
804 760 928 824 ultimi:

311 871 351 934 In
362 864 435 950 quis
451 867 648 946 Menander,
660 863 781 928 nobilis
795 863 989 944 comoediis,

312 973 537 1056 Quas,ipsum
549 969 857 1056 ignorans,legerat
870 965 1067 1049 Demetrius,
1218 976 1266 1030 'ao

108 1052 112 1060 Ι
188 1157 197 1174 ι
271 1078 354 1142 'Et
363 1077 541 1141 admiratus
557 1077 663 1140 fuerat
675 1073 845 1160 ingenium
860 1073 942 1155 viri,

309 1188 485 1273 Unguento
500 1183 682 1263 delibutus,
697 1180 812 1243 vestitu
830 1181 981 1262 affluens,

308 1289 469 1356 Veniebat
483 1307 592 1372 gressu
610 1285 748 1378 delicato
762 1295 794 1346 et
806 1284 974 1368 languido.

309 1397 407 1458 Hunc
420 1395 478 1468 ubi
489 1397 665 1486 Tyrannus
681 1383 765 1452 vidit
781 1401 926 1453 extremo
942 1387 1092 1477 agmine:

309 1499 469 1582 Quisnam
483 1487 637 1560 cinaedus
650 1497 707 1558 ille
723 1496 758 1557 in
774 1505 948 1577 conspectu
965 1514 1039 1558 meo
1221 1493 1257 1557 15

308 1605 413 1664 Audet
428 1581 563 1664 venire?
575 1589 828 1683 Responderunt
836 1601 994 1684 proximi:

308 1708 372 1770 Hic
384 1719 429 1770 est
442 1709 622 1770 Menander
632 1705 780 1787 scriptor.
800 1709 944 1768 Mutatus
954 1702 1079 1785 statim,

198 1819 200 1824 '
307 1812 431 1892 Homo,
445 1809 568 1892 iuquit,
582 1829 649 1873 esse
663 1829 730 1870 non
744 1819 849 1891 potest
861 1806 1006 1872 facetior.
1110 1831 1113 1838 ¹

579 2003 607 2074 F
632 2002 662 2072 A
688 2002 716 2072 B
742 2001 773 2076 U
799 2003 828 2074 L
851 2001 884 2072 A
933 1995 993 2072 ΙῘᾸ

515 2124 766 2215 vrnronrs
793 2159 850 2211 rr
876 2159 1047 2212 sarno.

307 2267 410 2388 Duo
425 2337 498 2378 oum
509 2314 698 2380 incidissent
713 2315 750 2379 in
761 2318 938 2380 Latronem
950 2315 1086 2402 milites,

55 2476 61 2486 .
122 2405 155 2432 ”
228 2460 230 2464 ·
306 2426 398 2486 Unus
408 2418 568 2510 profugit:
582 2420 665 2481 alter
677 2427 786 2481 autem
801 2416 934 2501 restitit,

305 2526 346 2615 Et
359 2521 538 2587 vindicavit
550 2541 618 2586 sese
632 2520 709 2584 forti
722 2523 864 2586 dextera.
970 2559 984 2602 3
1090 2569 1094 2579 .

304 2633 445 2694 Latrone
458 2630 582 2712 occiso,
602 2629 735 2693 timidus
748 2631 889 2695 accurrit
901 2648 1023 2712 comes,

304 2731 502 2818 Stringitque
517 2729 681 2816 gladium:
699 2732 792 2813 dein,
805 2720 1076 2815 reiectapenula,
1236 2719 1267 2793 6'

167 2885 176 2894 .
214 2897 220 2912 ι
305 2838 410 2916 Cedo,
424 2832 674 2924 inquit,illum;
690 2834 757 2897 iam
773 2840 896 2900 curabo
910 2821 1042 2915 ientiat,

305 2945 395 3027 Quos
405 2939 579 3004 attentarit.
597 2942 706 3022 Tunc,
721 2941 779 3022 qui
793 2944 1055 3028 depugnaverat:

302 3048 449 3126 Vellem,
460 3044 528 3108 istis
539 3045 647 3111 verbis
656 3045 770 3112 saltem
781 3047 959 3112 adiuvisses
973 3048 1089 3123 modo:

304 3147 512 3210 Constantior
522 3147 672 3230 fuissem,
690 3168 769 3212 vera
784 3149 989 3212 existimans:

303 3253 397 3313 Nunc
408 3256 512 3316 conde
524 3253 666 3337 ferrum,
682 3265 714 3319 et
726 3253 874 3343 linguam
886 3254 1008 3338 pariter
1018 3251 1165 3336 futilem,
1215 3275 1252 3318 ιο

302 3357 346 3415 Ut
354 3355 457 3436 possis
472 3357 553 3422 alios
567 3360 755 3449 ignorantes
769 3361 893 3422 fallere.

302 3460 384 3545 Ego,
400 3459 457 3538 qui
473 3481 544 3524 sum
560 3471 729 3544 expertus,
743 3463 872 3544 quantis
886 3462 991 3549 fugias
1004 3461 1143 3544 viribus,

300 3569 390 3650 Scio,
407 3589 508 3654 ¹quarn
526 3569 638 3632 virtuti
652 3572 773 3635 nonsit
787 3573 988 3636 credendum
1003 3582 1099 3634 tuae:

341 3671 394 3735 Illi
404 3672 561 3760 assignari
579 3676 673 3738 debet
691 3677 772 3740 haec
785 3677 946 3758 narratio,

302 3777 368 3863 Qui
380 3799 417 3844 re
427 3781 570 3846 secunda
579 3779 673 3851 fortis
684 3781 866 3866 est,duhia
882 3781 992 3868 fugax„
1077 3763 1079 3769 ¹
1214 3767 1250 3838 ¹5
