2910 4786
238 461 244 470 ‚
330 392 458 448 mn
518 367 774 446 nortrtu
798 365 1112 442 tirannum

261 553 263 558 ’
337 533 486 606 nornine
505 530 673 602 Pithoeus
690 553 710 598 a
728 528 885 600 Theano
906 527 953 610 ad
975 551 1113 600 annum
1127 531 1293 626 v11596.li·

337 645 405 715 bro
419 642 566 716 CXVII.
581 641 670 711 llist.
684 637 740 710 Ad
752 640 884 710 calcem
905 637 1039 730 primae
1050 640 1155 712 huius
1168 635 1294 712 editio·

337 757 390 826 nis
399 755 576 828 subiectae
588 761 671 822 sunt
686 751 852 821 lectiones
869 750 1109 839 uetustissimi,
1122 777 1200 845 quo
1213 778 1294 828 usus
1349 789 1353 798 ·

300 885 311 912 ·
340 883 433 950 erat,
456 861 616 932 Codicis:
633 859 737 953 quod
750 857 954 957 diligentius
967 860 1098 932 deinde
1117 860 1200 932 feeit
1211 861 1292 934 Nic.

339 974 505 1068 Rigaltius
529 970 566 1040 in
588 967 745 1038 editione
765 967 850 1038 anni
873 989 974 1060 1599.
998 991 1080 1041 usus
1098 968 1204 1040 etiam
1223 969 1293 1040 Re·

339 1081 451 1156 mensi
478 1078 662 1165 Codice‚¹
693 1100 844 1170 querna
872 1074 1064 1147 Sirmondo
1089 1096 1270 1172 acceperat
1279 1103 1291 1164 3

339 1206 376 1265 et
395 1207 513 1262 tamen
537 1186 705 1270 lectiones
723 1186 937 1270 nonnullas,
963 1186 1115 1262 Pithoeo
1135 1202 1291 1272 notatas,

337 1295 579 1395 praetermisit.
600 1292 726 1364 Habeo
748 1295 954 1387 exemplum
977 1293 1111 1387 primae
1126 1294 1292 1366 editionis

338 1427 505 1486 notatum
520 1433 628 1482 manu
648 1407 768 1478 Gudii.
788 1404 883 1476 Ante
902 1403 1092 1478 Pithoeum
1110 1409 1149 1478 in
1171 1429 1293 1476 exem·

337 1523 442 1616 plum
470 1517 618 1609 aliquod
638 1516 812 1608 scriptum
832 1512 1000 1585 inciderit
1025 1532 1168 1610 oportet
1191 1515 1293 1586 Nico·

341 1631 429 1700 laum
455 1629 641 1701 Perottum,
669 1625 760 1716 qui,
786 1647 970 1718 suppresso
997 1607 1147 1696 Phaedri
1173 1625 1292 1694 nonti-

339 1759 409 1826 ne,
433 1738 624 1838 nonnullos
644 1735 717 1804 eius
731 1757 848 1812 versus
866 1757 932 1828 pto
945 1735 1014 1804 suis
1028 1736 1065 1804 in
1080 1736 1201 1827 copiae
1215 1757 1294 1804 cor-

339 1869 392 1918 nu
411 1843 544 1917 recita-t.
569 1841 682 1912 Etiam
706 1840 849 1913 Gobrieli
866 1841 1004 1913 Februo
1018 1842 1087 1914 hoc
1109 1828 1294 1915 obiectum

341 1976 414 2043 est,
428 1956 525 2047 quasi
542 1955 580 2024 in
597 1954 666 2023 suis
679 1950 825 2041 fabulis,
839 1951 1098 2050 elegantissimis
1113 1975 1195 2025 sane
1209 1953 1293 2040 illis,

337 2066 539 2154 Phaedrum
564 2064 740 2148 imitatus,
765 2066 823 2135 vel
843 2067 1037 2136 aemulatus
1059 2082 1147 2136 esset
1169 2065 1294 2158 scripta

342 2173 436 2260 eins,
450 2190 490 2242 ut
505 2171 552 2242 ait
564 2171 627 2241 lib.
639 2169 803 2248 XXVIII.
819 2169 1012 2257 Thronus,
1031 2197 1111 2267 quae
1124 2172 1249 2266 legerat
1262 2187 1294 2240 et

337 2305 438 2385 penes·
452 2304 485 2349 se
505 2277 658 2353 babebat.
673 2281 907 2378 suppressisset.
927 2276 998 2348 Sed
1020 2278 1212 2364 Perraltus,
1228 2276 1294 2367 qui

341 2389 464 2462 Faerni
488 2387 619 2459 fabulas
640 2391 793 2473 carmine
808 2391 944 2464 Gallico
965 2389 1142 2475 reddidit,
1160 2387 1291 2460 inficia-

341 2518 400 2574 tut
414 2550 426 2589 ,
440 2497 640 2570 Phaedrum
658 2499 792 2574 faerno
810 2525 969 2597 unquam
985 2499 1098 2571 visum
1112 2497 1226 2568 fuisse.

321 2703 324 2709 .
402 2639 602 2712 FABULAE
617 2635 787 2710 Plosdrie
801 2635 947 2709 Gudiono
964 2642 1106 2737 primum
1122 2633 1235 2708 Codice

646 2747 796 2844 prolatas
818 2739 851 2823 iit
872 2747 984 2819 lucem.

392 2855 560 2928 Ceterum
577 2849 673 2923 norit
695 2855 828 2944 lectos,
845 2840 1021 2948 fabulam,
1040 2881 1134 2952 quae
1148 2855 1292 2952 incipite
1327 2891 1331 2898 ·

441 2967 553 3038 Ranae
563 2963 693 3064 paludis
709 2965 851 3042 incolae.
868 2967 1051 3060 ambiguum
1061 2993 1185 3062 genus.

344 3101 419 3150 non
440 3098 511 3146 esse
529 3071 667 3163 antiqui
691 3073 862 3162 auctoris,
892 3076 1026 3152 nedum
1054 3067 1230 3162 Phaedri,
1255 3091 1295 3145 ut

343 3207 545 3280 persuasum
568 3179 700 3250 Thom.
730 3179 860 3255 Crenio
887 3171 995 3256 Torn.
1021 3185 1064 3256 11.
1090 3183 1294 3256 Methodot.

292 3345 296 3356 .
344 3321 422 3395 pag.
437 3319 518 3390 403.
542 3291 601 3362 sed
624 3292 811 3385 superbam
833 3319 1037 3388 vanamque
1055 3312 1209 3392 satyram
1229 3297 1295 3366 ho-

344 3408 448 3479 minis
466 3401 611 3475 Iesuitae
629 3401 765 3488 Galli,²
782 3406 1013 3497 compositam
1039 3404 1128 3478 circa
1143 3431 1173 3476 a.
1191 3403 1294 3485 1670.

380 3553 391 3590 ι
408 3536 510 3590 Fallitur
517 3533 652 3587 fabricius.
666 3535 727 3590 Vid.
738 3536 798 3592 infr·
837 3539 925 3590 devere
938 3537 1034 3590 choisies
1046 3557 1093 3608 par
1107 3541 1131 3588 Is
1137 3535 1167 3590 P.
1176 3535 1297 3589 Boudours

342 3611 405 3666 Εει(1·
416 3611 519 3665 Ph²⁶ll¹l
529 3625 568 3662 ⁸¹¹·
580 3625 651 3676 ¹599·
836 3633 892 3688 pag·
908 3635 946 3682 17.
963 3633 1009 3670 nee
1024 3634 1077 3686 non
1093 3617 1120 3668 in
1136 3617 1186 3668 elio
1196 3653 1203 3678 ,
1213 3615 1297 3667 Fauo

376 3711 393 3746 2
407 3691 445 3748 Io.
459 3693 588 3752 Comntirit',
602 3691 629 3744 ln
641 3688 714 3746 cqus
728 3690 795 3744 Pol·
835 3695 948 3755 clsoisics,
957 3698 991 3748 V.
1002 3695 1082 3763 partie
1095 3697 1202 3762 paga&
1220 3694 1295 3747 Cont-

343 3771 415 3825 mstis
429 3770 555 3842 possumis
572 3777 797 3840 “sterling-134.
837 3769 924 3824 misius
935 3772 998 3824 obiit
1007 3771 1108 3824 Parisiis
1118 3787 1157 3822 sn.
1168 3785 1246 3848 voa,
1257 3785 1298 3822 se·

343 3865 370 3908 et
383 3847 563 3908 vementes
573 3849 601 3902 in
611 3849 690 3919 libro:
705 3849 802 3904 nescu
837 3851 896 3904 tatis
906 3867 949 3917 77·
960 3851 1022 3904 Erus
1032 3851 1131 3920 quidem
1140 3851 1173 3903 ob
1184 3849 1295 3920 teporem
