<?xml version="1.0" encoding="UTF-8"?>
<!DOCTYPE html PUBLIC "-//W3C//DTD XHTML 1.0 Transitional//EN"
    "http://www.w3.org/TR/xhtml1/DTD/xhtml1-transitional.dtd">
<html xmlns="http://www.w3.org/1999/xhtml" xml:lang="en" lang="en">
 <head>
  <title>
</title>
<meta http-equiv="Content-Type" content="text/html;charset=utf-8" />
  <meta name='ocr-system' content='tesseract 3.04.00' />
  <meta name='ocr-capabilities' content='ocr_page ocr_carea ocr_par ocr_line ocrx_word'/>
</head>
<body>
  <div class='ocr_page' id='page_1' title='image "./phaedriaugustil05phaegoog_0204.png"; bbox 0 0 2848 4792; ppageno 0'>
   <div class='ocr_carea' id='block_1_1' title="bbox 315 361 969 456">
    <p class='ocr_par' dir='ltr' id='par_1_1' title="bbox 315 361 969 456">
     <span class='ocr_line' id='line_1_1' title="bbox 315 361 969 456; baseline 0.003 -2"><span class='ocrx_word' id='word_1_1' title='bbox 315 392 619 454; x_wconf 74' lang='lat' dir='ltr'><strong>rtnuutnun</strong></span> <span class='ocrx_word' id='word_1_2' title='bbox 639 361 969 456; x_wconf 75' lang='lat' dir='ltr'><strong>tusorrtnun.</strong></span> 
     </span>
    </p>
   </div>
   <div class='ocr_carea' id='block_1_2' title="bbox 86 530 1116 1447">
    <p class='ocr_par' dir='ltr' id='par_1_2' title="bbox 86 530 1116 1447">
     <span class='ocr_line' id='line_1_2' title="bbox 151 530 845 620; baseline -0.006 -22"><span class='ocrx_word' id='word_1_3' title='bbox 151 534 321 616; x_wconf 74' lang='lat' dir='ltr'>Fecisset,</span> <span class='ocrx_word' id='word_1_4' title='bbox 337 532 445 620; x_wconf 72' lang='lat' dir='ltr'><strong>inquit</strong></span> <span class='ocrx_word' id='word_1_5' title='bbox 457 531 583 615; x_wconf 86' lang='lat' dir='ltr'><strong>patiens</strong></span> <span class='ocrx_word' id='word_1_6' title='bbox 598 531 678 594; x_wconf 89' lang='lat' dir='ltr'><strong>Ovis</strong></span> <span class='ocrx_word' id='word_1_7' title='bbox 688 530 845 594; x_wconf 85' lang='lat' dir='ltr'><strong>iniuriae:</strong></span> 
     </span>
     <span class='ocr_line' id='line_1_3' title="bbox 153 634 801 717; baseline -0.008 -15"><span class='ocrx_word' id='word_1_8' title='bbox 153 641 264 702; x_wconf 89' lang='lat' dir='ltr'><strong>Hanc</strong></span> <span class='ocrx_word' id='word_1_9' title='bbox 277 639 304 703; x_wconf 93' lang='lat' dir='ltr'><strong>si</strong></span> <span class='ocrx_word' id='word_1_10' title='bbox 316 638 446 702; x_wconf 79' lang='lat' dir='ltr'><strong>fecisses</strong></span> <span class='ocrx_word' id='word_1_11' title='bbox 460 636 693 701; x_wconf 88' lang='lat' dir='ltr'><strong>contumeliam</strong></span> <span class='ocrx_word' id='word_1_12' title='bbox 708 634 801 717; x_wconf 86' lang='lat' dir='ltr'><strong>caui,</strong></span> 
     </span>
     <span class='ocr_line' id='line_1_4' title="bbox 152 744 925 811; baseline 0.003 -5"><span class='ocrx_word' id='word_1_13' title='bbox 152 747 245 809; x_wconf 90' lang='lat' dir='ltr'><strong>Eius</strong></span> <span class='ocrx_word' id='word_1_14' title='bbox 262 748 413 808; x_wconf 89' lang='lat' dir='ltr'><strong>latratum</strong></span> <span class='ocrx_word' id='word_1_15' title='bbox 427 747 517 810; x_wconf 87' lang='lat' dir='ltr'><strong>haud</strong></span> <span class='ocrx_word' id='word_1_16' title='bbox 532 747 642 811; x_wconf 86' lang='lat' dir='ltr'><strong>ferres.</strong></span> <span class='ocrx_word' id='word_1_17' title='bbox 663 749 702 808; x_wconf 84' lang='lat' dir='ltr'><strong>At</strong></span> <span class='ocrx_word' id='word_1_18' title='bbox 712 745 834 808; x_wconf 84' lang='lat' dir='ltr'>Cornix</span> <span class='ocrx_word' id='word_1_19' title='bbox 844 744 925 808; x_wconf 75' lang='lat' dir='ltr'><strong>Ovis</strong></span> 
     </span>
     <span class='ocr_line' id='line_1_5' title="bbox 86 845 924 928; baseline 0 -18"><span class='ocrx_word' id='word_1_20' title='bbox 86 911 89 922; x_wconf 77' lang='grc'>,</span> <span class='ocrx_word' id='word_1_21' title='bbox 156 851 264 910; x_wconf 90' lang='lat' dir='ltr'><strong>Collo</strong></span> <span class='ocrx_word' id='word_1_22' title='bbox 277 857 344 910; x_wconf 89' lang='lat' dir='ltr'><strong>tam</strong></span> <span class='ocrx_word' id='word_1_23' title='bbox 355 847 432 909; x_wconf 87' lang='lat' dir='ltr'><strong>forti</strong></span> <span class='ocrx_word' id='word_1_24' title='bbox 444 869 615 928; x_wconf 89' lang='lat' dir='ltr'><strong>nunquam</strong></span> <span class='ocrx_word' id='word_1_25' title='bbox 632 850 746 927; x_wconf 86' lang='lat' dir='ltr'><strong>sedeo,</strong></span> <span class='ocrx_word' id='word_1_26' title='bbox 762 869 840 910; x_wconf 90' lang='lat' dir='ltr'><strong>nam</strong></span> <span class='ocrx_word' id='word_1_27' title='bbox 856 845 924 912; x_wconf 78' lang='lat' dir='ltr'><strong>scio‘</strong></span> 
     </span>
     <span class='ocr_line' id='line_1_6' title="bbox 157 952 866 1036; baseline 0 -22"><span class='ocrx_word' id='word_1_28' title='bbox 157 957 261 1036; x_wconf 74' lang='lat' dir='ltr'><strong>Quos</strong></span> <span class='ocrx_word' id='word_1_29' title='bbox 274 954 411 1014; x_wconf 80' lang='lat' dir='ltr'><strong>debeam</strong></span> <span class='ocrx_word' id='word_1_30' title='bbox 425 953 599 1032; x_wconf 85' lang='lat' dir='ltr'><strong>lacessere,</strong></span> <span class='ocrx_word' id='word_1_31' title='bbox 617 952 712 1015; x_wconf 89' lang='lat' dir='ltr'><strong>annis</strong></span> <span class='ocrx_word' id='word_1_32' title='bbox 727 953 866 1031; x_wconf 84' lang='lat' dir='ltr'><strong>callida,</strong></span> 
     </span>
     <span class='ocr_line' id='line_1_7' title="bbox 155 1055 898 1139; baseline -0.003 -21"><span class='ocrx_word' id='word_1_33' title='bbox 155 1056 305 1120; x_wconf 86' lang='lat' dir='ltr'><strong>Acribus</strong></span> <span class='ocrx_word' id='word_1_34' title='bbox 319 1057 440 1138; x_wconf 89' lang='lat' dir='ltr'><strong>amica,</strong></span> <span class='ocrx_word' id='word_1_35' title='bbox 459 1067 491 1117; x_wconf 91' lang='lat' dir='ltr'><strong>at</strong></span> <span class='ocrx_word' id='word_1_36' title='bbox 506 1055 694 1139; x_wconf 89' lang='lat' dir='ltr'><strong>importuna</strong></span> <span class='ocrx_word' id='word_1_37' title='bbox 707 1055 898 1119; x_wconf 83' lang='lat' dir='ltr'><strong>inermibus.</strong></span> 
     </span>
     <span class='ocr_line' id='line_1_8' title="bbox 155 1152 818 1221; baseline -0.002 0"><span class='ocrx_word' id='word_1_38' title='bbox 155 1159 218 1221; x_wconf 80' lang='lat' dir='ltr'><strong>Sic</strong></span> <span class='ocrx_word' id='word_1_39' title='bbox 233 1180 286 1221; x_wconf 88' lang='lat' dir='ltr'><strong>me</strong></span> <span class='ocrx_word' id='word_1_40' title='bbox 300 1172 441 1221; x_wconf 88' lang='lat' dir='ltr'><strong>creatam</strong></span> <span class='ocrx_word' id='word_1_41' title='bbox 454 1152 496 1220; x_wconf 90' lang='lat' dir='ltr'><strong>Di</strong></span> <span class='ocrx_word' id='word_1_42' title='bbox 506 1159 682 1220; x_wconf 80' lang='lat' dir='ltr'><strong>voluerunt</strong></span> <span class='ocrx_word' id='word_1_43' title='bbox 695 1157 818 1220; x_wconf 58' lang='lat' dir='ltr'><strong>viveres</strong></span> 
     </span>
     <span class='ocr_line' id='line_1_9' title="bbox 203 1261 1116 1346; baseline 0.002 -22"><span class='ocrx_word' id='word_1_44' title='bbox 203 1261 282 1346; x_wconf 88' lang='lat' dir='ltr'><strong>His,</strong></span> <span class='ocrx_word' id='word_1_45' title='bbox 296 1264 355 1344; x_wconf 89' lang='lat' dir='ltr'><strong>qui</strong></span> <span class='ocrx_word' id='word_1_46' title='bbox 366 1267 528 1327; x_wconf 86' lang='lat' dir='ltr'><strong>lacessunt</strong></span> <span class='ocrx_word' id='word_1_47' title='bbox 541 1263 732 1326; x_wconf 87' lang='lat' dir='ltr'><strong>innocentes</strong></span> <span class='ocrx_word' id='word_1_48' title='bbox 749 1261 873 1344; x_wconf 86' lang='lat' dir='ltr'><strong>infimi,</strong></span> <span class='ocrx_word' id='word_1_49' title='bbox 1075 1269 1116 1327; x_wconf 72' lang='lat' dir='ltr'><strong>io</strong></span> 
     </span>
     <span class='ocr_line' id='line_1_10' title="bbox 156 1347 912 1447; baseline -0.008 -15"><span class='ocrx_word' id='word_1_50' title='bbox 156 1347 296 1432; x_wconf 63' lang='lat' dir='ltr'><strong>vexare</strong></span> <span class='ocrx_word' id='word_1_51' title='bbox 306 1365 405 1427; x_wconf 87' lang='lat' dir='ltr'><strong>fortes</strong></span> <span class='ocrx_word' id='word_1_52' title='bbox 417 1373 584 1445; x_wconf 90' lang='lat' dir='ltr'><strong>metuunt,</strong></span> <span class='ocrx_word' id='word_1_53' title='bbox 598 1364 716 1447; x_wconf 88' lang='lat' dir='ltr'><strong>scripta</strong></span> <span class='ocrx_word' id='word_1_54' title='bbox 733 1378 779 1428; x_wconf 88' lang='lat' dir='ltr'><strong>est</strong></span> <span class='ocrx_word' id='word_1_55' title='bbox 791 1366 912 1429; x_wconf 83' lang='lat' dir='ltr'><strong>fabula.</strong></span> 
     </span>
    </p>
   </div>
   <div class='ocr_carea' id='block_1_3' title="bbox 342 1561 934 1638">
    <p class='ocr_par' dir='ltr' id='par_1_3' title="bbox 342 1561 934 1638">
     <span class='ocr_line' id='line_1_11' title="bbox 342 1561 934 1638; baseline 0.003 -5"><span class='ocrx_word' id='word_1_56' title='bbox 342 1561 649 1635; x_wconf 81' lang='lat' dir='ltr'><strong>FABULA</strong></span> <span class='ocrx_word' id='word_1_57' title='bbox 703 1563 934 1638; x_wconf 74' lang='lat' dir='ltr'>xxv111.</span> 
     </span>
    </p>
   </div>
   <div class='ocr_carea' id='block_1_4' title="bbox 366 1717 922 1796">
    <p class='ocr_par' dir='ltr' id='par_1_4' title="bbox 366 1717 922 1796">
     <span class='ocr_line' id='line_1_12' title="bbox 366 1717 922 1796; baseline 0.011 -8"><span class='ocrx_word' id='word_1_58' title='bbox 366 1737 607 1794; x_wconf 76' lang='lat' dir='ltr'><strong>ronnrcn</strong></span> <span class='ocrx_word' id='word_1_59' title='bbox 634 1742 691 1792; x_wconf 80' lang='lat' dir='ltr'><strong>ar</strong></span> <span class='ocrx_word' id='word_1_60' title='bbox 719 1717 922 1796; x_wconf 57' lang='lat' dir='ltr'><strong>crosna(</strong></span> 
     </span>
    </p>
   </div>
   <div class='ocr_carea' id='block_1_5' title="bbox 142 1851 1111 3024">
    <p class='ocr_par' dir='ltr' id='par_1_5' title="bbox 142 1851 1043 2819">
     <span class='ocr_line' id='line_1_13' title="bbox 155 1851 877 1982; baseline 0 -20"><span class='ocrx_word' id='word_1_61' title='bbox 155 1851 316 1963; x_wconf 77' lang='lat' dir='ltr'><strong>Htanrs</strong></span> <span class='ocrx_word' id='word_1_62' title='bbox 328 1896 478 1958; x_wconf 88' lang='lat' dir='ltr'>Formica</span> <span class='ocrx_word' id='word_1_63' title='bbox 491 1917 595 1982; x_wconf 84' lang='lat' dir='ltr'><strong>grana</strong></span> <span class='ocrx_word' id='word_1_64' title='bbox 608 1906 755 1981; x_wconf 88' lang='lat' dir='ltr'><strong>ternpore</strong></span> <span class='ocrx_word' id='word_1_65' title='bbox 767 1921 785 1962; x_wconf 91' lang='lat' dir='ltr'><strong>e</strong></span> <span class='ocrx_word' id='word_1_66' title='bbox 796 1919 877 1962; x_wconf 88' lang='lat' dir='ltr'><strong>cavo</strong></span> 
     </span>
     <span class='ocr_line' id='line_1_14' title="bbox 157 2003 1043 2091; baseline 0.005 -28"><span class='ocrx_word' id='word_1_67' title='bbox 157 2005 310 2066; x_wconf 87' lang='lat' dir='ltr'><strong>Traheus</strong></span> <span class='ocrx_word' id='word_1_68' title='bbox 320 2003 476 2085; x_wconf 77' lang='lat' dir='ltr'><strong>siccabat,</strong></span> <span class='ocrx_word' id='word_1_69' title='bbox 491 2026 575 2086; x_wconf 86' lang='lat' dir='ltr'><strong>quae</strong></span> <span class='ocrx_word' id='word_1_70' title='bbox 586 2008 731 2089; x_wconf 90' lang='lat' dir='ltr'><strong>prudeus</strong></span> <span class='ocrx_word' id='word_1_71' title='bbox 747 2008 923 2091; x_wconf 86' lang='lat' dir='ltr'><strong>collegerat</strong></span> <span class='ocrx_word' id='word_1_72' title='bbox 1040 2041 1043 2049; x_wconf 77' lang='lat'><strong>,</strong></span> 
     </span>
     <span class='ocr_line' id='line_1_15' title="bbox 159 2111 971 2198; baseline 0.006 -27"><span class='ocrx_word' id='word_1_73' title='bbox 159 2112 301 2174; x_wconf 70' lang='lat' dir='ltr'><strong>Aestate.</strong></span> <span class='ocrx_word' id='word_1_74' title='bbox 315 2112 466 2175; x_wconf 84' lang='lat' dir='ltr'><strong>Esuriens</strong></span> <span class='ocrx_word' id='word_1_75' title='bbox 477 2114 581 2193; x_wconf 90' lang='lat' dir='ltr'><strong>hanc,</strong></span> <span class='ocrx_word' id='word_1_76' title='bbox 598 2124 634 2174; x_wconf 93' lang='lat' dir='ltr'><strong>ut</strong></span> <span class='ocrx_word' id='word_1_77' title='bbox 648 2111 774 2193; x_wconf 91' lang='lat' dir='ltr'><strong>aliquid</strong></span> <span class='ocrx_word' id='word_1_78' title='bbox 788 2111 851 2175; x_wconf 90' lang='lat' dir='ltr'><strong>sibi</strong></span> <span class='ocrx_word' id='word_1_79' title='bbox 866 2115 971 2198; x_wconf 87' lang='lat' dir='ltr'><strong>daret,</strong></span> 
     </span>
     <span class='ocr_line' id='line_1_16' title="bbox 159 2214 913 2298; baseline 0.009 -26"><span class='ocrx_word' id='word_1_80' title='bbox 159 2215 271 2298; x_wconf 82' lang='lat' dir='ltr'><strong>Rogat</strong></span> <span class='ocrx_word' id='word_1_81' title='bbox 288 2214 418 2278; x_wconf 86' lang='lat' dir='ltr'><strong>Cicada.</strong></span> <span class='ocrx_word' id='word_1_82' title='bbox 434 2215 496 2278; x_wconf 89' lang='lat' dir='ltr'><strong>Cui</strong></span> <span class='ocrx_word' id='word_1_83' title='bbox 511 2215 673 2298; x_wconf 84' lang='lat' dir='ltr'><strong>Formica,</strong></span> <span class='ocrx_word' id='word_1_84' title='bbox 688 2218 815 2280; x_wconf 81' lang='lat' dir='ltr'><strong>Aestate</strong></span> <span class='ocrx_word' id='word_1_85' title='bbox 831 2215 913 2296; x_wconf 91' lang='lat' dir='ltr'><strong>quid</strong></span> 
     </span>
     <span class='ocr_line' id='line_1_17' title="bbox 160 2312 843 2405; baseline -0.001 -25"><span class='ocrx_word' id='word_1_86' title='bbox 160 2319 312 2402; x_wconf 78' lang='lat' dir='ltr'><strong>Agebas?</strong></span> <span class='ocrx_word' id='word_1_87' title='bbox 324 2316 440 2396; x_wconf 78' lang='lat' dir='ltr'><strong>inquit.</strong></span> <span class='ocrx_word' id='word_1_88' title='bbox 459 2319 537 2405; x_wconf 78' lang='lat' dir='ltr'><strong>Ilia:</strong></span> <span class='ocrx_word' id='word_1_89' title='bbox 554 2320 628 2379; x_wconf 92' lang='lat' dir='ltr'><strong>Non</strong></span> <span class='ocrx_word' id='word_1_90' title='bbox 638 2327 706 2380; x_wconf 91' lang='lat' dir='ltr'><strong>erat</strong></span> <span class='ocrx_word' id='word_1_91' title='bbox 720 2312 843 2400; x_wconf 91' lang='lat' dir='ltr'><strong>otium,</strong></span> 
     </span>
     <span class='ocr_line' id='line_1_18' title="bbox 159 2419 771 2505; baseline 0.002 -23"><span class='ocrx_word' id='word_1_92' title='bbox 159 2423 207 2482; x_wconf 90' lang='lat' dir='ltr'><strong>Ut</strong></span> <span class='ocrx_word' id='word_1_93' title='bbox 224 2422 263 2482; x_wconf 92' lang='lat' dir='ltr'><strong>de</strong></span> <span class='ocrx_word' id='word_1_94' title='bbox 278 2421 389 2481; x_wconf 88' lang='lat' dir='ltr'><strong>futuro</strong></span> <span class='ocrx_word' id='word_1_95' title='bbox 404 2419 581 2505; x_wconf 83' lang='lat' dir='ltr'><strong>cogitarem</strong></span> <span class='ocrx_word' id='word_1_96' title='bbox 599 2431 771 2504; x_wconf 84' lang='lat' dir='ltr'><strong>tempore,</strong></span> 
     </span>
     <span class='ocr_line' id='line_1_19' title="bbox 142 2516 836 2608; baseline 0.003 -22"><span class='ocrx_word' id='word_1_97' title='bbox 142 2516 322 2588; x_wconf 80' lang='lat' dir='ltr'><strong>&#39;Errabam</strong></span> <span class='ocrx_word' id='word_1_98' title='bbox 335 2535 468 2588; x_wconf 88' lang='lat' dir='ltr'><strong>cantans</strong></span> <span class='ocrx_word' id='word_1_99' title='bbox 481 2547 541 2608; x_wconf 88' lang='lat' dir='ltr'><strong>per</strong></span> <span class='ocrx_word' id='word_1_100' title='bbox 553 2517 646 2608; x_wconf 82' lang='lat' dir='ltr'><strong>sepes</strong></span> <span class='ocrx_word' id='word_1_101' title='bbox 660 2537 692 2588; x_wconf 87' lang='lat' dir='ltr'><strong>et</strong></span> <span class='ocrx_word' id='word_1_102' title='bbox 706 2542 836 2608; x_wconf 84' lang='lat' dir='ltr'><strong>pascua.</strong></span> 
     </span>
     <span class='ocr_line' id='line_1_20' title="bbox 159 2621 1022 2715; baseline -0.001 -22"><span class='ocrx_word' id='word_1_103' title='bbox 159 2629 288 2693; x_wconf 86' lang='lat' dir='ltr'><strong>Ridens</strong></span> <span class='ocrx_word' id='word_1_104' title='bbox 297 2629 461 2711; x_wconf 90' lang='lat' dir='ltr'><strong>Formica,</strong></span> <span class='ocrx_word' id='word_1_105' title='bbox 476 2639 508 2691; x_wconf 90' lang='lat' dir='ltr'><strong>et</strong></span> <span class='ocrx_word' id='word_1_106' title='bbox 517 2648 621 2715; x_wconf 83' lang='lat' dir='ltr'><strong>grana</strong></span> <span class='ocrx_word' id='word_1_107' title='bbox 634 2627 792 2710; x_wconf 82' lang='lat' dir='ltr'><strong>referens,</strong></span> <span class='ocrx_word' id='word_1_108' title='bbox 809 2626 856 2692; x_wconf 76' lang='lat' dir='ltr'><strong>sic</strong></span> <span class='ocrx_word' id='word_1_109' title='bbox 868 2625 929 2692; x_wconf 80' lang='lat' dir='ltr'><strong>ait:</strong></span> <span class='ocrx_word' id='word_1_110' title='bbox 1018 2621 1022 2640; x_wconf 71' lang='lat'>¹</span> 
     </span>
     <span class='ocr_line' id='line_1_21' title="bbox 153 2731 878 2819; baseline 0 -25"><span class='ocrx_word' id='word_1_111' title='bbox 153 2734 289 2795; x_wconf 78' lang='lat' dir='ltr'><strong>Aestate</strong></span> <span class='ocrx_word' id='word_1_112' title='bbox 301 2753 384 2813; x_wconf 90' lang='lat' dir='ltr'><strong>quae</strong></span> <span class='ocrx_word' id='word_1_113' title='bbox 397 2731 546 2814; x_wconf 87' lang='lat' dir='ltr'><strong>cantasti,</strong></span> <span class='ocrx_word' id='word_1_114' title='bbox 563 2751 640 2818; x_wconf 81' lang='lat' dir='ltr'><strong>age,</strong></span> <span class='ocrx_word' id='word_1_115' title='bbox 655 2735 736 2796; x_wconf 88' lang='lat' dir='ltr'><strong>salta</strong></span> <span class='ocrx_word' id='word_1_116' title='bbox 746 2731 878 2819; x_wconf 84' lang='lat' dir='ltr'><strong>frigore.</strong></span> 
     </span>
    </p>

    <p class='ocr_par' dir='ltr' id='par_1_6' title="bbox 157 2837 1111 3024">
     <span class='ocr_line' id='line_1_22' title="bbox 200 2837 1111 2921; baseline 0.002 -23"><span class='ocrx_word' id='word_1_117' title='bbox 200 2837 298 2921; x_wconf 83' lang='lat' dir='ltr'><strong>Piger.</strong></span> <span class='ocrx_word' id='word_1_118' title='bbox 308 2838 433 2898; x_wconf 85' lang='lat' dir='ltr'><strong>laboret</strong></span> <span class='ocrx_word' id='word_1_119' title='bbox 447 2845 536 2898; x_wconf 85' lang='lat' dir='ltr'><strong>certo</strong></span> <span class='ocrx_word' id='word_1_120' title='bbox 553 2857 682 2919; x_wconf 87' lang='lat' dir='ltr'><strong>semper</strong></span> <span class='ocrx_word' id='word_1_121' title='bbox 695 2845 861 2920; x_wconf 87' lang='lat' dir='ltr'><strong>tempore,</strong></span> <span class='ocrx_word' id='word_1_122' title='bbox 878 2851 879 2854; x_wconf 75' lang='grc'>’</span> <span class='ocrx_word' id='word_1_123' title='bbox 1073 2851 1111 2900; x_wconf 79' lang='grc' dir='ltr'><strong>ιο</strong></span> 
     </span>
     <span class='ocr_line' id='line_1_23' title="bbox 157 2937 939 3024; baseline -0.003 -18"><span class='ocrx_word' id='word_1_124' title='bbox 157 2944 226 3024; x_wconf 89' lang='lat' dir='ltr'><strong>Ne,</strong></span> <span class='ocrx_word' id='word_1_125' title='bbox 242 2961 317 3004; x_wconf 90' lang='lat' dir='ltr'><strong>cum</strong></span> <span class='ocrx_word' id='word_1_126' title='bbox 330 2939 380 3004; x_wconf 86' lang='lat' dir='ltr'><strong>nil</strong></span> <span class='ocrx_word' id='word_1_127' title='bbox 394 2943 530 3023; x_wconf 87' lang='lat' dir='ltr'><strong>habeat,</strong></span> <span class='ocrx_word' id='word_1_128' title='bbox 541 2960 679 3024; x_wconf 79' lang='lat' dir='ltr'><strong>poscens</strong></span> <span class='ocrx_word' id='word_1_129' title='bbox 693 2939 832 3024; x_wconf 88' lang='lat' dir='ltr'><strong>accipiat</strong></span> <span class='ocrx_word' id='word_1_130' title='bbox 845 2937 939 3004; x_wconf 75' lang='lat' dir='ltr'><strong>nihil·</strong></span> 
     </span>
    </p>
   </div>
   <div class='ocr_carea' id='block_1_6' title="bbox 374 3077 904 3252">
    <p class='ocr_par' dir='ltr' id='par_1_7' title="bbox 374 3077 904 3252">
     <span class='ocr_line' id='line_1_24' title="bbox 374 3077 904 3252; baseline 0.004 -34"><span class='ocrx_word' id='word_1_131' title='bbox 374 3077 679 3218; x_wconf 34' lang='lat' dir='ltr'><strong>rursusne</strong></span> <span class='ocrx_word' id='word_1_132' title='bbox 730 3146 904 3252; x_wconf 69' lang='lat' dir='ltr'><strong>xm</strong></span> 
     </span>
    </p>
   </div>
   <div class='ocr_carea' id='block_1_7' title="bbox 393 3321 863 3399">
    <p class='ocr_par' dir='ltr' id='par_1_8' title="bbox 393 3321 863 3399">
     <span class='ocr_line' id='line_1_25' title="bbox 393 3321 863 3399; baseline -0.006 -21"><span class='ocrx_word' id='word_1_133' title='bbox 393 3321 565 3399; x_wconf 67' lang='lat' dir='ltr'><strong>‚aquus</strong></span> <span class='ocrx_word' id='word_1_134' title='bbox 592 3322 650 3374; x_wconf 79' lang='lat' dir='ltr'><strong>ar</strong></span> <span class='ocrx_word' id='word_1_135' title='bbox 677 3323 863 3376; x_wconf 78' lang='lat' dir='ltr'><strong>Asruos.</strong></span> 
     </span>
    </p>
   </div>
   <div class='ocr_carea' id='block_1_8' title="bbox 43 3424 907 3867">
    <p class='ocr_par' dir='ltr' id='par_1_9' title="bbox 43 3424 907 3867">
     <span class='ocr_line' id='line_1_26' title="bbox 159 3424 907 3556; baseline 0.001 -21"><span class='ocrx_word' id='word_1_136' title='bbox 159 3424 299 3540; x_wconf 79' lang='lat' dir='ltr'><strong>Eouon</strong></span> <span class='ocrx_word' id='word_1_137' title='bbox 312 3473 449 3556; x_wconf 86' lang='lat' dir='ltr'><strong>rogabat</strong></span> <span class='ocrx_word' id='word_1_138' title='bbox 462 3471 582 3538; x_wconf 82' lang='lat' dir='ltr'><strong>Asinus</strong></span> <span class='ocrx_word' id='word_1_139' title='bbox 596 3473 771 3554; x_wconf 87' lang='lat' dir='ltr'><strong>paululum</strong></span> <span class='ocrx_word' id='word_1_140' title='bbox 782 3469 907 3536; x_wconf 79' lang='lat' dir='ltr'><strong>hordei.</strong></span> 
     </span>
     <span class='ocr_line' id='line_1_27' title="bbox 43 3573 872 3667; baseline 0.012 -35"><span class='ocrx_word' id='word_1_141' title='bbox 43 3627 51 3646; x_wconf 82' lang='grc'>,</span> <span class='ocrx_word' id='word_1_142' title='bbox 91 3597 99 3667; x_wconf 44' lang='lat' dir='ltr'><em>J</em></span> <span class='ocrx_word' id='word_1_143' title='bbox 160 3573 331 3655; x_wconf 82' lang='lat' dir='ltr'><strong>libenter,</strong></span> <span class='ocrx_word' id='word_1_144' title='bbox 348 3576 409 3652; x_wconf 87' lang='lat' dir='ltr'><strong>ait;</strong></span> <span class='ocrx_word' id='word_1_145' title='bbox 427 3587 473 3658; x_wconf 91' lang='lat' dir='ltr'><strong>et,</strong></span> <span class='ocrx_word' id='word_1_146' title='bbox 485 3579 512 3642; x_wconf 88' lang='lat' dir='ltr'><strong>si</strong></span> <span class='ocrx_word' id='word_1_147' title='bbox 527 3590 720 3661; x_wconf 87' lang='lat' dir='ltr'><strong>superesset,</strong></span> <span class='ocrx_word' id='word_1_148' title='bbox 736 3579 872 3662; x_wconf 82' lang='lat' dir='ltr'><strong>largiter</strong></span> 
     </span>
     <span class='ocr_line' id='line_1_28' title="bbox 140 3673 805 3762; baseline 0.003 -24"><span class='ocrx_word' id='word_1_149' title='bbox 140 3679 224 3738; x_wconf 61' lang='lat' dir='ltr'><strong>*Pro</strong></span> <span class='ocrx_word' id='word_1_150' title='bbox 237 3677 395 3762; x_wconf 87' lang='lat' dir='ltr'><strong>dignitate</strong></span> <span class='ocrx_word' id='word_1_151' title='bbox 412 3689 521 3743; x_wconf 88' lang='lat' dir='ltr'><strong>nostra</strong></span> <span class='ocrx_word' id='word_1_152' title='bbox 534 3673 710 3744; x_wconf 88' lang='lat' dir='ltr'><strong>tribuerem</strong></span> <span class='ocrx_word' id='word_1_153' title='bbox 728 3681 805 3743; x_wconf 75' lang='lat' dir='ltr'><strong>tibi:</strong></span> 
     </span>
     <span class='ocr_line' id='line_1_29' title="bbox 89 3779 848 3867; baseline 0.005 -29"><span class='ocrx_word' id='word_1_154' title='bbox 89 3811 97 3838; x_wconf 65' lang='grc' dir='ltr'><strong><em>ι</em></strong></span> <span class='ocrx_word' id='word_1_155' title='bbox 158 3779 263 3844; x_wconf 83' lang='lat' dir='ltr'><strong>Simul</strong></span> <span class='ocrx_word' id='word_1_156' title='bbox 278 3783 334 3844; x_wconf 89' lang='lat' dir='ltr'><strong>sed</strong></span> <span class='ocrx_word' id='word_1_157' title='bbox 349 3793 460 3847; x_wconf 89' lang='lat' dir='ltr'><strong>nostra</strong></span> <span class='ocrx_word' id='word_1_158' title='bbox 474 3804 608 3866; x_wconf 68' lang='lat' dir='ltr'><strong>vespere</strong></span> <span class='ocrx_word' id='word_1_159' title='bbox 621 3787 665 3848; x_wconf 90' lang='lat' dir='ltr'><strong>ad</strong></span> <span class='ocrx_word' id='word_1_160' title='bbox 678 3780 848 3867; x_wconf 84' lang='lat' dir='ltr'><strong>praesepia</strong></span> 
     </span>
    </p>
   </div>
   <div class='ocr_carea' id='block_1_9' title="bbox 0 0 1440 4792">
    <p class='ocr_par' dir='ltr' id='par_1_10' title="bbox 0 0 1440 4792">
     <span class='ocr_line' id='line_1_30' title="bbox 0 0 1440 4792; baseline 0 0"><span class='ocrx_word' id='word_1_161' title='bbox 0 0 1440 4792; x_wconf 95' lang='lat' dir='ltr'><strong> </strong></span> 
     </span>
    </p>
   </div>
  </div>
 </body>
</html>
