2916 4790
398 419 839 498 DEANONYMO.
978 455 1094 508 mwr

144 603 200 642 rum
214 599 323 644 ostentm
340 583 558 662 ineptissimarum
574 591 648 647 modo
665 587 809 668 scriptorem
823 615 910 657 earum
923 599 1032 682 elegiaco
1042 628 1097 668 tor-

145 677 213 738 ruine
213 677 366 755 fabularum
369 676 479 756 finiunt
491 677 668 760 Magistrum
682 682 813 764 Eropum
825 685 994 753 decivitate
1006 698 1097 760 Athe-

145 770 242 832 triensi
247 791 259 845 3
276 773 348 831 modo
362 767 544 860 Guaiterunp
559 772 739 854 Anglicum,
754 777 800 854 qui
806 815 819 848 s
838 798 869 838 ut
880 801 968 861 puto,
982 807 1019 849 est
1032 791 1097 854 inter

144 865 279 926 sarturae
299 867 436 926 Romanae
451 884 632 948 purpuratos,
651 869 736 929 diosus
754 887 771 929 a
789 871 1006 954 Winterborn,
1025 887 1097 965 q'uertt

144 956 253 1014 trudunt
268 955 334 1016 ditm
352 975 427 1017 suum
442 955 537 1016 obiisse
558 980 584 1016 a.
607 960 833 1042 effluesce-
850 970 926 1028 modo
943 976 1097 1042 subobscure
1174 979 1217 1034 1¹3
1228 981 1247 1029 5
1265 969 1280 1028 ‘s
1303 971 1309 980 “

144 1048 245 1129 aliquid
258 1068 290 1110 ess
303 1050 350 1112 boc
362 1050 426 1110 libro
444 1050 558 1112 tribuum
571 1050 721 1134 Magistro
737 1053 888 1121 Romulo:
906 1083 1034 1144 quatenus
1039 1069 1098 1147 sm.

146 1143 232 1202 tussis·
251 1161 401 1222 argonautis
417 1145 545 1225 praebuit.
564 1143 640 1206 Sunt
661 1147 803 1229 denique,
827 1153 878 1233 qui
898 1156 1096 1239 Anonymutn

144 1231 295 1316 appellent
315 1237 454 1297 Romulum
472 1235 614 1307 iuniorem,
638 1235 716 1300 Petri
740 1238 900 1305 Mosellani
920 1255 1074 1332 aequalem
1084 1242 1100 1332 ,¹

146 1343 178 1388 et
197 1327 252 1400 lul.
272 1328 377 1410 pflugii
396 1331 426 1391 in
449 1328 533 1391 ltalia
551 1347 819 1414 praeceptorem,¹
838 1339 943 1402 nescio
959 1363 1018 1424 qua
1039 1366 1097 1422 auf

147 1422 303 1484 ctoritate:
324 1439 395 1485 sunt
407 1425 459 1501 qui
476 1439 652 1506 nuncupent
664 1427 788 1487 Solonem
803 1429 986 1508 Parmensem,
1000 1442 1098 1504 maxi·

146 1533 196 1577 me
214 1516 275 1579 nixi
291 1515 467 1581 testimonio
490 1516 619 1596 Gyraldi
636 1519 655 1577 l.
677 1535 704 1582 c.
724 1519 794 1600 qui,
815 1543 919 1601 posset,
939 1528 1056 1612 inquit,
1073 1553 1097 1598 et

145 1607 211 1668 inter
222 1610 271 1670 hos
282 1617 374 1694 poiens
392 1613 481 1692 reponi
494 1612 623 1672 Romulus
635 1611 697 1685 ille,
716 1613 761 1694 qui
780 1619 818 1675 ud
841 1605 994 1682 Tiburtinum
1005 1627 1098 1710 filium
1197 1673 1204 1696 ,

146 1702 238 1764 librum
260 1706 378 1787 scripsit,
401 1727 473 1785 quem
495 1708 529 1765 ab
550 1705 693 1765 imitatione
709 1709 887 1790 Apologorurn
909 1714 1010 1798 Aesopi
1022 1719 1097 1781 illius

146 1797 263 1879 Phrygis
270 1845 282 1872 ,
295 1797 408 1876 fabulas
427 1799 525 1878 Aesopi
538 1799 714 1878 nuncupauit,
725 1823 778 1859 non
786 1846 796 1872 ,
818 1808 848 1862 u't
860 1803 943 1888 aliqui
951 1811 1003 1868 rati
1017 1831 1096 1888 sunt,

147 1891 289 1951 transtulit.
305 1893 409 1951 Mirum
422 1891 608 1962 nobissimum,
622 1911 701 1970 quant
717 1892 797 1951 anxit
812 1892 963 1964 Pamttnsts
974 1903 1095 1980 quidam,

147 2005 199 2043 nort
216 1967 374 2057 Romulum,
399 1986 479 2045 ltus'us
499 1983 557 2043 ltltri
572 2003 702 2068 auctorent
718 2004 853 2060 asserant,
871 1994 917 2050 sed
931 2013 1007 2054 suum
1019 2021 1096 2078 qum.

147 2076 209 2133 dom
232 2072 371 2137 Salonem
390 2075 557 2156 municipem,
574 2060 622 2156 lpui
636 2070 713 2155 poita
730 2082 790 2138 dum
809 2081 922 2141 Athenis
938 2091 1064 2163 studeret,
1084 2105 1098 2154 t

148 2166 249 2228 Graeco
262 2168 373 2249 fhbulss
391 2173 440 2230 lsas
456 2171 550 2230 nostris
564 2171 675 2230 moribus
693 2186 723 2230 ut
735 2171 813 2230 aiunt
828 2181 961 2251 aptando,
986 2187 1097 2248 carmine

148 2261 324 2342 composuerit.
352 2261 400 2322 Sic
422 2260 568 2323 morenos
592 2260 779 2336 observat,2
804 2281 959 2329 auctorem
982 2269 1098 2338 fabula-

149 2375 233 2429 rum,
251 2355 363 2438 ‹ie'quo
375 2356 469 2418 verba
482 2355 629 2428 facimus,
649 2357 769 2416 Salonem
790 2357 951 2424 parmensem
973 2373 1098 2447 vocari,

149 2449 311 2532 praecipue
327 2449 359 2509 in
374 2447 506 2530 quodam
525 2444 670 2529 epistolae
691 2444 876 2526 fragmento,
889 2457 979 2534 typis
994 2461 1098 2538 edito,

148 2544 238 2624 eique
259 2540 401 2604 adsentiri
426 2559 575 2624 nuperum
604 2540 781 2621 scriptorem
806 2541 1027 2618 Marchesellim
1055 2559 1119 2643 At,

148 2655 227 2720 quae
251 2635 289 2721 de
307 2633 414 2697 Salone
440 2635 499 2696 isto
518 2633 667 2695 Parmensi
692 2633 868 2709 traduntur,
893 2637 933 2700 ita
959 2645 1098 2726 profecto

141 2729 285 2812 ambigua
307 2743 398 2810 arque
423 2729 640 2799 incertarum,
664 2744 698 2786 us
721 2726 783 2788 viin
800 2725 947 2810 probandi
969 2737 1021 2798 vix
1040 2741 1093 2803 ha·
1165 2799 1170 2808 ,

143 2824 247 2886 beant.
261 2823 303 2884 Ex
316 2821 424 2904 quibus
441 2819 583 2883 omnibus¹
594 2820 721 2902 perspici
733 2839 821 2902 posse
836 2823 975 2903 videtur,
989 2850 1096 2900 verum

142 2920 261 2978 'nomen
283 2903 441 2994 Anonymi
457 2913 574 2987 iacere,
601 2926 651 2984 et,
677 2911 733 2971 nisi
749 2913 896 2986 historiae
912 2915 1012 2983 lumen
1039 2925 1097 2988 ali-

149 3007 272 3094 quando
280 3006 419 3080 accedat,
429 3007 587 3068 latiturum
599 3023 664 3068 esse
675 3005 705 3066 in
717 3007 856 3070 tenebris.
871 3007 979 3091 Qualis
989 3013 1096 3108 fueris,

150 3117 182 3163 et
196 3100 318 3185 quando
329 3098 654 3178 vixerisynnonymus,
671 3115 768 3180 aeque
779 3100 925 3164 incertum
942 3123 998 3171 est.
1020 3110 1097 3176 Eum

149 3196 269 3257 iamiam
290 3211 308 3254 a
329 3190 530 3270 scriptoribus
550 3192 643 3254 tetuli
664 3190 749 3252 xlv.
764 3193 903 3276 allegari,
923 3201 1024 3264 scribit
1040 3205 1099 3270 Fa-

149 3289 305 3362 britios34
320 3306 339 3347 a
353 3285 478 3368 quibus,
490 3303 551 3348 non
566 3285 655 3370 aidis.
673 3284 714 3346 At
729 3289 1024 3378 memoratBarthius
1040 3299 1059 3362 l.
1070 3320 1098 3366 c.
1178 3291 1186 3307 ⁰
1202 3280 1207 3292 ⁸

150 3379 297 3443 Codicem
310 3377 475 3442 fabularum
496 3379 671 3458 Anonymi,
695 3378 725 3439 in
739 3383 940 3445 obsoletissimos
953 3393 1099 3458 membra.
1150 3403 1156 3410 ¹

150 3491 204 3536 nas
219 3489 390 3535 exaratum:
413 3469 679 3555 Eschenbusgiuss
698 3490 823 3536 vernet
841 3471 1008 3564 Lessingiut
1027 3484 1099 3546 alte.

188 3623 607 3694 seiunctim.Tom.11.p.29.
639 3630 903 3695 satesete't.pag.23.

186 3718 202 3755 a
215 3703 295 3758 catat.
305 3704 431 3758 Mss.l.at.
440 3706 505 3773 apud
516 3706 609 3758 Naoios
671 3724 688 3769 4
701 3705 762 3758 bibl.
775 3705 830 3756 Lat.
843 3707 860 3755 i.
871 3721 895 3756 e.

154 3795 280 3852 pagan.
677 3800 688 3847 5
708 3786 737 3835 ln
754 3783 921 3836 Additament.
933 3785 964 3843 atl
976 3785 1098 3858 Lessingii
1126 3781 1129 3787 ’

184 3875 199 3929 3
210 3857 282 3912 Delle
298 3857 386 3928 ginnm
394 3857 563 3912 ailaRateolta
569 3857 615 3913 Pe·
644 3861 728 3914 Anon.
741 3861 832 3915 Nerei.
844 3879 899 3932 pag.
907 3862 952 3928 65.

237 3946 384 4054 mmm
735 3951 864 4050 .(7)x
