<?xml version="1.0" encoding="UTF-8"?>
<!DOCTYPE html PUBLIC "-//W3C//DTD XHTML 1.0 Transitional//EN"
    "http://www.w3.org/TR/xhtml1/DTD/xhtml1-transitional.dtd">
<html xmlns="http://www.w3.org/1999/xhtml" xml:lang="en" lang="en">
 <head>
  <title>
</title>
<meta http-equiv="Content-Type" content="text/html;charset=utf-8" />
  <meta name='ocr-system' content='tesseract 3.04.00' />
  <meta name='ocr-capabilities' content='ocr_page ocr_carea ocr_par ocr_line ocrx_word'/>
</head>
<body>
  <div class='ocr_page' id='page_1' title='image "./phaedriaugustil05phaegoog_0170.png"; bbox 0 0 2848 4792; ppageno 0'>
   <div class='ocr_carea' id='block_1_1' title="bbox 380 439 865 544">
    <p class='ocr_par' dir='ltr' id='par_1_1' title="bbox 380 439 865 544">
     <span class='ocr_line' id='line_1_1' title="bbox 380 439 865 544; baseline 0.021 -10"><span class='ocrx_word' id='word_1_1' title='bbox 380 505 385 514; x_wconf 90' lang='lat'>-</span> <span class='ocrx_word' id='word_1_2' title='bbox 476 439 677 540; x_wconf 71' lang='lat' dir='ltr'><strong>bruun</strong></span> <span class='ocrx_word' id='word_1_3' title='bbox 716 481 781 544; x_wconf 85' lang='lat' dir='ltr'><strong>rv.</strong></span> <span class='ocrx_word' id='word_1_4' title='bbox 862 518 865 522; x_wconf 88' lang='lat'>-</span> 
     </span>
    </p>
   </div>
   <div class='ocr_carea' id='block_1_2' title="bbox 361 689 866 790">
    <p class='ocr_par' dir='ltr' id='par_1_2' title="bbox 361 689 866 790">
     <span class='ocr_line' id='line_1_2' title="bbox 361 689 866 790; baseline 0.01 -25"><span class='ocrx_word' id='word_1_5' title='bbox 361 689 866 790; x_wconf 62' lang='lat' dir='ltr'><strong>&#39;ranuiaxru</strong></span> 
     </span>
    </p>
   </div>
   <div class='ocr_carea' id='block_1_3' title="bbox 150 861 814 1174">
    <p class='ocr_par' dir='ltr' id='par_1_3' title="bbox 150 861 814 1174">
     <span class='ocr_line' id='line_1_3' title="bbox 452 861 793 916; baseline 0.012 -4"><span class='ocrx_word' id='word_1_6' title='bbox 452 861 508 914; x_wconf 84' lang='lat' dir='ltr'><strong>PR</strong></span> <span class='ocrx_word' id='word_1_7' title='bbox 521 861 544 912; x_wconf 91' lang='grc'>0</span> <span class='ocrx_word' id='word_1_8' title='bbox 557 863 587 914; x_wconf 89' lang='grc' dir='ltr'><strong>Μ</strong></span> <span class='ocrx_word' id='word_1_9' title='bbox 596 863 619 912; x_wconf 85' lang='grc' dir='ltr'>Ε</span> <span class='ocrx_word' id='word_1_10' title='bbox 629 863 651 912; x_wconf 87' lang='lat' dir='ltr'>T</span> <span class='ocrx_word' id='word_1_11' title='bbox 663 863 687 913; x_wconf 79' lang='lat' dir='ltr'>H</span> <span class='ocrx_word' id='word_1_12' title='bbox 697 865 718 914; x_wconf 89' lang='lat' dir='ltr'><strong>E</strong></span> <span class='ocrx_word' id='word_1_13' title='bbox 729 865 754 915; x_wconf 87' lang='lat' dir='ltr'>U</span> <span class='ocrx_word' id='word_1_14' title='bbox 765 863 793 916; x_wconf 78' lang='lat' dir='ltr'><strong>S.</strong></span> 
     </span>
     <span class='ocr_line' id='line_1_4' title="bbox 517 986 736 1064; baseline 0.005 -36"><span class='ocrx_word' id='word_1_15' title='bbox 517 986 538 1028; x_wconf 76' lang='grc' dir='ltr'><strong>ο</strong></span> <span class='ocrx_word' id='word_1_16' title='bbox 579 1049 583 1064; x_wconf 23' lang='grc' dir='ltr'>ι</span> <span class='ocrx_word' id='word_1_17' title='bbox 616 987 637 1028; x_wconf 75' lang='lat' dir='ltr'><strong>u</strong></span> <span class='ocrx_word' id='word_1_18' title='bbox 715 988 736 1029; x_wconf 75' lang='lat' dir='ltr'><strong>u</strong></span> 
     </span>
     <span class='ocr_line' id='line_1_5' title="bbox 150 1084 814 1174; baseline 0.011 -27"><span class='ocrx_word' id='word_1_19' title='bbox 150 1084 333 1150; x_wconf 76' lang='lat' dir='ltr'><strong>afflictione</strong></span> <span class='ocrx_word' id='word_1_20' title='bbox 351 1085 472 1150; x_wconf 82' lang='lat' dir='ltr'><strong>veretri</strong></span> <span class='ocrx_word' id='word_1_21' title='bbox 487 1087 634 1173; x_wconf 81' lang='lat' dir='ltr'><strong>linguam</strong></span> <span class='ocrx_word' id='word_1_22' title='bbox 650 1089 814 1174; x_wconf 84' lang='lat' dir='ltr'><strong>mulieris,</strong></span> 
     </span>
    </p>
   </div>
   <div class='ocr_carea' id='block_1_4' title="bbox 29 1191 780 1278">
    <p class='ocr_par' dir='ltr' id='par_1_4' title="bbox 29 1191 780 1278">
     <span class='ocr_line' id='line_1_6' title="bbox 29 1191 780 1278; baseline 0.003 -22"><span class='ocrx_word' id='word_1_23' title='bbox 29 1273 32 1278; x_wconf 27' lang='grc' dir='ltr'>Ι</span> <span class='ocrx_word' id='word_1_24' title='bbox 148 1191 348 1256; x_wconf 82' lang='lat' dir='ltr'><strong>Affinitatem</strong></span> <span class='ocrx_word' id='word_1_25' title='bbox 364 1194 464 1256; x_wconf 83' lang='lat' dir='ltr'><strong>traxit</strong></span> <span class='ocrx_word' id='word_1_26' title='bbox 476 1193 553 1255; x_wconf 90' lang='lat' dir='ltr'><strong>inde</strong></span> <span class='ocrx_word' id='word_1_27' title='bbox 569 1194 780 1258; x_wconf 81' lang='lat' dir='ltr'><strong>obscoenitas.</strong></span> 
     </span>
    </p>
   </div>
   <div class='ocr_carea' id='block_1_5' title="bbox 64 1298 904 1485">
    <p class='ocr_par' dir='ltr' id='par_1_5' title="bbox 64 1298 904 1485">
     <span class='ocr_line' id='line_1_7' title="bbox 190 1298 904 1398; baseline 0.008 -38"><span class='ocrx_word' id='word_1_28' title='bbox 190 1298 331 1384; x_wconf 76' lang='lat' dir='ltr'>Rogavit</span> <span class='ocrx_word' id='word_1_29' title='bbox 342 1300 442 1381; x_wconf 85' lang='lat' dir='ltr'><strong>alter,</strong></span> <span class='ocrx_word' id='word_1_30' title='bbox 460 1299 601 1398; x_wconf 72' lang='lat' dir='ltr'><strong>tribadas</strong></span> <span class='ocrx_word' id='word_1_31' title='bbox 621 1309 651 1360; x_wconf 90' lang='lat' dir='ltr'><strong>et</strong></span> <span class='ocrx_word' id='word_1_32' title='bbox 668 1301 783 1364; x_wconf 90' lang='lat' dir='ltr'><strong>molles</strong></span> <span class='ocrx_word' id='word_1_33' title='bbox 798 1310 904 1366; x_wconf 79' lang='lat' dir='ltr'><strong>&#39;mares</strong></span> 
     </span>
     <span class='ocr_line' id='line_1_8' title="bbox 64 1402 880 1485; baseline 0.005 -22"><span class='ocrx_word' id='word_1_34' title='bbox 64 1455 68 1463; x_wconf 24' lang='lat' dir='ltr'>x</span> <span class='ocrx_word' id='word_1_35' title='bbox 148 1403 242 1485; x_wconf 79' lang='lat' dir='ltr'><strong>Quae</strong></span> <span class='ocrx_word' id='word_1_36' title='bbox 250 1402 340 1464; x_wconf 78' lang='lat' dir='ltr'><strong>ratio</strong></span> <span class='ocrx_word' id='word_1_37' title='bbox 357 1404 578 1484; x_wconf 82' lang='lat' dir='ltr'>procreasset?</span> <span class='ocrx_word' id='word_1_38' title='bbox 598 1404 754 1484; x_wconf 85' lang='lat' dir='ltr'><strong>Exposuit</strong></span> <span class='ocrx_word' id='word_1_39' title='bbox 767 1425 880 1467; x_wconf 79' lang='lat' dir='ltr'><strong>senex:</strong></span> 
     </span>
    </p>
   </div>
   <div class='ocr_carea' id='block_1_6' title="bbox 25 1491 863 1596">
    <p class='ocr_par' dir='ltr' id='par_1_6' title="bbox 25 1491 863 1596">
     <span class='ocr_line' id='line_1_9' title="bbox 25 1491 863 1596; baseline 0.006 -29"><span class='ocrx_word' id='word_1_40' title='bbox 25 1541 34 1567; x_wconf 80' lang='lat' dir='ltr'><strong>t</strong></span> <span class='ocrx_word' id='word_1_41' title='bbox 148 1509 239 1569; x_wconf 86' lang='lat' dir='ltr'><strong>Idem</strong></span> <span class='ocrx_word' id='word_1_42' title='bbox 253 1491 480 1590; x_wconf 82' lang='lat' dir='ltr'><strong>Prometheus,</strong></span> <span class='ocrx_word' id='word_1_43' title='bbox 499 1495 612 1575; x_wconf 79' lang='lat' dir='ltr'><strong>auctor</strong></span> <span class='ocrx_word' id='word_1_44' title='bbox 630 1509 721 1596; x_wconf 90' lang='lat' dir='ltr'><strong>vulgi</strong></span> <span class='ocrx_word' id='word_1_45' title='bbox 737 1508 863 1592; x_wconf 89' lang='lat' dir='ltr'><strong>fictilis,</strong></span> 
     </span>
    </p>
   </div>
   <div class='ocr_carea' id='block_1_7' title="bbox 60 1611 914 2422">
    <p class='ocr_par' dir='ltr' id='par_1_7' title="bbox 60 1611 914 1910">
     <span class='ocr_line' id='line_1_10' title="bbox 148 1611 914 1702; baseline 0.004 -27"><span class='ocrx_word' id='word_1_46' title='bbox 148 1613 215 1697; x_wconf 77' lang='lat' dir='ltr'><strong>Qui</strong></span> <span class='ocrx_word' id='word_1_47' title='bbox 225 1614 322 1678; x_wconf 91' lang='lat' dir='ltr'><strong>simul</strong></span> <span class='ocrx_word' id='word_1_48' title='bbox 331 1611 468 1678; x_wconf 83' lang='lat' dir='ltr'><strong>offendit</strong></span> <span class='ocrx_word' id='word_1_49' title='bbox 486 1617 528 1676; x_wconf 90' lang='lat' dir='ltr'><strong>ad</strong></span> <span class='ocrx_word' id='word_1_50' title='bbox 541 1615 724 1698; x_wconf 85' lang='lat' dir='ltr'><strong>fortunam,</strong></span> <span class='ocrx_word' id='word_1_51' title='bbox 739 1615 914 1702; x_wconf 81' lang='lat' dir='ltr'>frangitur,</span> 
     </span>
     <span class='ocr_line' id='line_1_11' title="bbox 60 1718 902 1807; baseline 0.01 -28"><span class='ocrx_word' id='word_1_52' title='bbox 60 1748 65 1762; x_wconf 58' lang='lat' dir='ltr'>v</span> <span class='ocrx_word' id='word_1_53' title='bbox 145 1718 286 1781; x_wconf 83' lang='lat' dir='ltr'><strong>Naturae</strong></span> <span class='ocrx_word' id='word_1_54' title='bbox 297 1731 421 1802; x_wconf 89' lang='lat' dir='ltr'><strong>partes,</strong></span> <span class='ocrx_word' id='word_1_55' title='bbox 438 1731 526 1784; x_wconf 81' lang='lat' dir='ltr'><strong>veste</strong></span> <span class='ocrx_word' id='word_1_56' title='bbox 537 1742 617 1802; x_wconf 87' lang='lat' dir='ltr'><strong>quas</strong></span> <span class='ocrx_word' id='word_1_57' title='bbox 630 1724 713 1786; x_wconf 85' lang='lat' dir='ltr'><strong>celat</strong></span> <span class='ocrx_word' id='word_1_58' title='bbox 727 1725 853 1807; x_wconf 86' lang='lat' dir='ltr'><strong>pudor,</strong></span> <span class='ocrx_word' id='word_1_59' title='bbox 900 1757 902 1762; x_wconf 96' lang='lat'>·</span> 
     </span>
     <span class='ocr_line' id='line_1_12' title="bbox 146 1824 752 1910; baseline 0.007 -24"><span class='ocrx_word' id='word_1_60' title='bbox 146 1828 230 1893; x_wconf 84' lang='lat' dir='ltr'><strong>Cum</strong></span> <span class='ocrx_word' id='word_1_61' title='bbox 243 1826 418 1907; x_wconf 84' lang='lat' dir='ltr'><strong>separatim</strong></span> <span class='ocrx_word' id='word_1_62' title='bbox 437 1833 505 1887; x_wconf 85' lang='lat' dir='ltr'><strong>toto</strong></span> <span class='ocrx_word' id='word_1_63' title='bbox 520 1824 664 1906; x_wconf 71' lang='lat' dir='ltr'><strong>finxisset</strong></span> <span class='ocrx_word' id='word_1_64' title='bbox 679 1827 752 1910; x_wconf 83' lang='lat' dir='ltr'><strong>die,</strong></span> 
     </span>
    </p>

    <p class='ocr_par' dir='ltr' id='par_1_8' title="bbox 145 1931 843 2014">
     <span class='ocr_line' id='line_1_13' title="bbox 145 1931 843 2014; baseline 0.006 -23"><span class='ocrx_word' id='word_1_65' title='bbox 145 1931 266 2011; x_wconf 84' lang='lat' dir='ltr'><strong>Aptare</strong></span> <span class='ocrx_word' id='word_1_66' title='bbox 283 1950 359 1992; x_wconf 87' lang='lat' dir='ltr'><strong>mox</strong></span> <span class='ocrx_word' id='word_1_67' title='bbox 377 1938 413 1992; x_wconf 91' lang='lat' dir='ltr'><strong>ut</strong></span> <span class='ocrx_word' id='word_1_68' title='bbox 428 1939 534 2012; x_wconf 88' lang='lat' dir='ltr'><strong>posset</strong></span> <span class='ocrx_word' id='word_1_69' title='bbox 549 1931 741 2013; x_wconf 84' lang='lat' dir='ltr'><strong>corporibus</strong></span> <span class='ocrx_word' id='word_1_70' title='bbox 757 1933 843 2014; x_wconf 83' lang='lat' dir='ltr'><strong>suis,</strong></span> 
     </span>
    </p>

    <p class='ocr_par' dir='ltr' id='par_1_9' title="bbox 144 2032 872 2218">
     <span class='ocr_line' id='line_1_14' title="bbox 147 2032 872 2096; baseline 0.003 -3"><span class='ocrx_word' id='word_1_71' title='bbox 147 2033 197 2093; x_wconf 82' lang='lat' dir='ltr'><strong>Ad</strong></span> <span class='ocrx_word' id='word_1_72' title='bbox 209 2051 344 2095; x_wconf 87' lang='lat' dir='ltr'><strong>coenam</strong></span> <span class='ocrx_word' id='word_1_73' title='bbox 356 2042 403 2094; x_wconf 86' lang='lat' dir='ltr'><strong>est</strong></span> <span class='ocrx_word' id='word_1_74' title='bbox 414 2032 569 2094; x_wconf 81' lang='lat' dir='ltr'><strong>invitatus</strong></span> <span class='ocrx_word' id='word_1_75' title='bbox 588 2033 727 2096; x_wconf 90' lang='lat' dir='ltr'><strong>subitoa</strong></span> <span class='ocrx_word' id='word_1_76' title='bbox 741 2033 872 2096; x_wconf 89' lang='lat' dir='ltr'><strong>Libero.</strong></span> 
     </span>
     <span class='ocr_line' id='line_1_15' title="bbox 144 2132 778 2218; baseline 0.002 -23"><span class='ocrx_word' id='word_1_77' title='bbox 144 2132 211 2195; x_wconf 87' lang='lat' dir='ltr'><strong>Ubi</strong></span> <span class='ocrx_word' id='word_1_78' title='bbox 222 2132 493 2218; x_wconf 77' lang='lat' dir='ltr'><strong>irrigatusmulto</strong></span> <span class='ocrx_word' id='word_1_79' title='bbox 511 2155 611 2198; x_wconf 85' lang='lat' dir='ltr'><strong>venas</strong></span> <span class='ocrx_word' id='word_1_80' title='bbox 628 2143 778 2214; x_wconf 78' lang='lat' dir='ltr'>nectare,</span> 
     </span>
    </p>

    <p class='ocr_par' dir='ltr' id='par_1_10' title="bbox 70 2237 874 2422">
     <span class='ocr_line' id='line_1_16' title="bbox 70 2237 870 2318; baseline -0.008 -12"><span class='ocrx_word' id='word_1_81' title='bbox 70 2299 73 2306; x_wconf 87' lang='lat'><em>.</em></span> <span class='ocrx_word' id='word_1_82' title='bbox 144 2240 223 2300; x_wconf 83' lang='lat' dir='ltr'><strong>Sero</strong></span> <span class='ocrx_word' id='word_1_83' title='bbox 239 2239 375 2300; x_wconf 89' lang='lat' dir='ltr'><strong>domum</strong></span> <span class='ocrx_word' id='word_1_84' title='bbox 388 2245 435 2312; x_wconf 87' lang='lat' dir='ltr'><strong>est</strong></span> <span class='ocrx_word' id='word_1_85' title='bbox 449 2258 596 2300; x_wconf 83' lang='lat' dir='ltr'><strong>reversus</strong></span> <span class='ocrx_word' id='word_1_86' title='bbox 610 2237 763 2300; x_wconf 72' lang='lat' dir='ltr'><strong>titubanti</strong></span> <span class='ocrx_word' id='word_1_87' title='bbox 776 2239 870 2318; x_wconf 81' lang='lat' dir='ltr'><strong>pede.</strong></span> 
     </span>
     <span class='ocr_line' id='line_1_17' title="bbox 144 2339 874 2422; baseline 0.003 -22"><span class='ocrx_word' id='word_1_88' title='bbox 144 2339 231 2402; x_wconf 87' lang='lat' dir='ltr'><strong>Tum</strong></span> <span class='ocrx_word' id='word_1_89' title='bbox 241 2339 439 2402; x_wconf 88' lang='lat' dir='ltr'><strong>semisomno</strong></span> <span class='ocrx_word' id='word_1_90' title='bbox 459 2340 571 2418; x_wconf 87' lang='lat' dir='ltr'><strong>corde,</strong></span> <span class='ocrx_word' id='word_1_91' title='bbox 591 2350 622 2400; x_wconf 91' lang='lat' dir='ltr'><strong>et</strong></span> <span class='ocrx_word' id='word_1_92' title='bbox 640 2358 750 2402; x_wconf 89' lang='lat' dir='ltr'><strong>errore</strong></span> <span class='ocrx_word' id='word_1_93' title='bbox 765 2340 874 2422; x_wconf 87' lang='lat' dir='ltr'><strong>ebrio,</strong></span> 
     </span>
    </p>
   </div>
   <div class='ocr_carea' id='block_1_8' title="bbox 137 2441 869 2748">
    <p class='ocr_par' dir='ltr' id='par_1_11' title="bbox 137 2441 869 2748">
     <span class='ocr_line' id='line_1_18' title="bbox 144 2441 792 2529; baseline -0.008 -23"><span class='ocrx_word' id='word_1_94' title='bbox 144 2443 313 2528; x_wconf 78' lang='lat' dir='ltr'><strong>Applicuit</strong></span> <span class='ocrx_word' id='word_1_95' title='bbox 330 2441 491 2528; x_wconf 84' lang='lat' dir='ltr'><strong>virginale</strong></span> <span class='ocrx_word' id='word_1_96' title='bbox 508 2443 622 2529; x_wconf 86' lang='lat' dir='ltr'><strong>generi</strong></span> <span class='ocrx_word' id='word_1_97' title='bbox 632 2443 792 2521; x_wconf 83' lang='lat' dir='ltr'><strong>mascn10,</strong></span> 
     </span>
     <span class='ocr_line' id='line_1_19' title="bbox 142 2547 869 2630; baseline -0.004 -19"><span class='ocrx_word' id='word_1_98' title='bbox 142 2551 182 2612; x_wconf 85' lang='lat' dir='ltr'><strong>Et</strong></span> <span class='ocrx_word' id='word_1_99' title='bbox 194 2550 374 2614; x_wconf 84' lang='lat' dir='ltr'><strong>masculina</strong></span> <span class='ocrx_word' id='word_1_100' title='bbox 392 2551 539 2612; x_wconf 88' lang='lat' dir='ltr'><strong>membra</strong></span> <span class='ocrx_word' id='word_1_101' title='bbox 557 2547 714 2630; x_wconf 85' lang='lat' dir='ltr'><strong>applicuit</strong></span> <span class='ocrx_word' id='word_1_102' title='bbox 729 2547 869 2610; x_wconf 62' lang='lat' dir='ltr'><strong>feminisss</strong></span> 
     </span>
     <span class='ocr_line' id='line_1_20' title="bbox 137 2651 817 2748; baseline -0.006 -30"><span class='ocrx_word' id='word_1_103' title='bbox 137 2656 192 2738; x_wconf 78' lang='lat' dir='ltr'><strong>lta</strong></span> <span class='ocrx_word' id='word_1_104' title='bbox 209 2675 299 2718; x_wconf 88' lang='lat' dir='ltr'><strong>nunc</strong></span> <span class='ocrx_word' id='word_1_105' title='bbox 316 2654 421 2718; x_wconf 88' lang='lat' dir='ltr'><strong>libido</strong></span> <span class='ocrx_word' id='word_1_106' title='bbox 437 2673 541 2737; x_wconf 78' lang='lat' dir='ltr'><strong>pravo</strong></span> <span class='ocrx_word' id='word_1_107' title='bbox 554 2653 674 2748; x_wconf 81' lang='lat' dir='ltr'><strong>fruitur</strong></span> <span class='ocrx_word' id='word_1_108' title='bbox 685 2651 817 2740; x_wconf 87' lang='lat' dir='ltr'><strong>gaudio.</strong></span> 
     </span>
    </p>
   </div>
   <div class='ocr_carea' id='block_1_9' title="bbox 305 2811 878 3051">
    <p class='ocr_par' dir='ltr' id='par_1_12' title="bbox 305 2811 878 3051">
     <span class='ocr_line' id='line_1_21' title="bbox 316 2811 835 2906; baseline -0.002 -2"><span class='ocrx_word' id='word_1_109' title='bbox 316 2811 835 2906; x_wconf 72' lang='lat' dir='ltr'><strong>&#39;ranunaxn</strong></span> 
     </span>
     <span class='ocr_line' id='line_1_22' title="bbox 305 2987 878 3051; baseline 0.002 -3"><span class='ocrx_word' id='word_1_110' title='bbox 305 2987 308 2994; x_wconf 82' lang='grc'><strong>’</strong></span> <span class='ocrx_word' id='word_1_111' title='bbox 366 2987 878 3051; x_wconf 75' lang='lat' dir='ltr'><strong>canLLAEETn1R01.‘</strong></span> 
     </span>
    </p>
   </div>
   <div class='ocr_carea' id='block_1_10' title="bbox 50 3097 965 3951">
    <p class='ocr_par' dir='ltr' id='par_1_13' title="bbox 50 3097 960 3224">
     <span class='ocr_line' id='line_1_23' title="bbox 50 3097 960 3224; baseline -0.004 -16"><span class='ocrx_word' id='word_1_112' title='bbox 50 3147 54 3154; x_wconf 87' lang='grc'><em>“</em></span> <span class='ocrx_word' id='word_1_113' title='bbox 139 3097 463 3224; x_wconf 76' lang='lat' dir='ltr'><strong>Banrnn‘capellae</strong></span> <span class='ocrx_word' id='word_1_114' title='bbox 480 3161 555 3215; x_wconf 83' lang='lat' dir='ltr'><strong>curn</strong></span> <span class='ocrx_word' id='word_1_115' title='bbox 570 3135 794 3222; x_wconf 80' lang='lat' dir='ltr'><strong>impetrassent</strong></span> <span class='ocrx_word' id='word_1_116' title='bbox 812 3141 853 3200; x_wconf 95' lang='lat' dir='ltr'><strong>ab</strong></span> <span class='ocrx_word' id='word_1_117' title='bbox 864 3139 960 3223; x_wconf 84' lang='lat' dir='ltr'><strong>Iove,</strong></span> 
     </span>
    </p>

    <p class='ocr_par' dir='ltr' id='par_1_14' title="bbox 137 3244 820 3330">
     <span class='ocr_line' id='line_1_24' title="bbox 137 3244 820 3330; baseline -0.004 -22"><span class='ocrx_word' id='word_1_118' title='bbox 137 3247 231 3309; x_wconf 85' lang='lat' dir='ltr'><strong>Hirci</strong></span> <span class='ocrx_word' id='word_1_119' title='bbox 246 3257 427 3310; x_wconf 81' lang='lat' dir='ltr'><strong>moerentes</strong></span> <span class='ocrx_word' id='word_1_120' title='bbox 443 3244 611 3330; x_wconf 84' lang='lat' dir='ltr'><strong>indignari</strong></span> <span class='ocrx_word' id='word_1_121' title='bbox 628 3253 820 3327; x_wconf 82' lang='lat' dir='ltr'><strong>coeperunt,</strong></span> 
     </span>
    </p>

    <p class='ocr_par' dir='ltr' id='par_1_15' title="bbox 138 3350 927 3438">
     <span class='ocr_line' id='line_1_25' title="bbox 138 3350 927 3438; baseline -0.001 -27"><span class='ocrx_word' id='word_1_122' title='bbox 138 3353 237 3434; x_wconf 74' lang='lat' dir='ltr'><strong>Quod</strong></span> <span class='ocrx_word' id='word_1_123' title='bbox 255 3352 444 3438; x_wconf 87' lang='lat' dir='ltr'><strong>dignitatem</strong></span> <span class='ocrx_word' id='word_1_124' title='bbox 458 3350 602 3413; x_wconf 78' lang='lat' dir='ltr'><strong>feminae</strong></span> <span class='ocrx_word' id='word_1_125' title='bbox 616 3361 806 3430; x_wconf 85' lang='lat' dir='ltr'><strong>aequassent</strong></span> <span class='ocrx_word' id='word_1_126' title='bbox 824 3369 927 3414; x_wconf 88' lang='lat' dir='ltr'><strong>suam.</strong></span> 
     </span>
    </p>

    <p class='ocr_par' dir='ltr' id='par_1_16' title="bbox 137 3452 804 3540">
     <span class='ocr_line' id='line_1_26' title="bbox 137 3452 804 3540; baseline -0.001 -24"><span class='ocrx_word' id='word_1_127' title='bbox 137 3455 255 3537; x_wconf 84' lang='lat' dir='ltr'><strong>Sinite,</strong></span> <span class='ocrx_word' id='word_1_128' title='bbox 273 3456 396 3537; x_wconf 85' lang='lat' dir='ltr'><strong>inquit,</strong></span> <span class='ocrx_word' id='word_1_129' title='bbox 410 3456 483 3518; x_wconf 91' lang='lat' dir='ltr'><strong>illas</strong></span> <span class='ocrx_word' id='word_1_130' title='bbox 498 3454 608 3540; x_wconf 79' lang='lat' dir='ltr'><strong>gloria</strong></span> <span class='ocrx_word' id='word_1_131' title='bbox 622 3473 706 3518; x_wconf 84' lang='lat' dir='ltr'><strong>vana</strong></span> <span class='ocrx_word' id='word_1_132' title='bbox 722 3452 804 3535; x_wconf 89' lang='lat' dir='ltr'><strong>frui,</strong></span> 
     </span>
    </p>

    <p class='ocr_par' dir='ltr' id='par_1_17' title="bbox 137 3557 852 3641">
     <span class='ocr_line' id='line_1_27' title="bbox 137 3557 852 3641; baseline -0.001 -21"><span class='ocrx_word' id='word_1_133' title='bbox 137 3559 178 3620; x_wconf 89' lang='lat' dir='ltr'><strong>Et</strong></span> <span class='ocrx_word' id='word_1_134' title='bbox 194 3579 350 3641; x_wconf 88' lang='lat' dir='ltr'><strong>usurpare</strong></span> <span class='ocrx_word' id='word_1_135' title='bbox 366 3560 465 3623; x_wconf 81' lang='lat' dir='ltr'><strong>vestri</strong></span> <span class='ocrx_word' id='word_1_136' title='bbox 481 3569 633 3624; x_wconf 90' lang='lat' dir='ltr'><strong>ornatum</strong></span> <span class='ocrx_word' id='word_1_137' title='bbox 651 3557 815 3639; x_wconf 85' lang='lat' dir='ltr'><strong>muneris,</strong></span> <span class='ocrx_word' id='word_1_138' title='bbox 849 3558 852 3564; x_wconf 80' lang='lat'>&#39;</span> 
     </span>
    </p>

    <p class='ocr_par' dir='ltr' id='par_1_18' title="bbox 108 3661 951 3852">
     <span class='ocr_line' id='line_1_28' title="bbox 108 3661 918 3748; baseline -0.004 -22"><span class='ocrx_word' id='word_1_139' title='bbox 108 3689 111 3695; x_wconf 94' lang='lat'>·</span> <span class='ocrx_word' id='word_1_140' title='bbox 137 3665 235 3726; x_wconf 82' lang='lat' dir='ltr'><strong>Pares</strong></span> <span class='ocrx_word' id='word_1_141' title='bbox 253 3667 332 3726; x_wconf 89' lang='lat' dir='ltr'><strong>dum</strong></span> <span class='ocrx_word' id='word_1_142' title='bbox 348 3685 417 3727; x_wconf 93' lang='lat' dir='ltr'><strong>non</strong></span> <span class='ocrx_word' id='word_1_143' title='bbox 432 3664 494 3748; x_wconf 78' lang='lat' dir='ltr'><strong>sint</strong></span> <span class='ocrx_word' id='word_1_144' title='bbox 505 3673 630 3725; x_wconf 83' lang='lat' dir='ltr'><strong>vestrae</strong></span> <span class='ocrx_word' id='word_1_145' title='bbox 647 3661 842 3724; x_wconf 80' lang='lat' dir='ltr'><strong>fortitudini.</strong></span> <span class='ocrx_word' id='word_1_146' title='bbox 911 3671 918 3678; x_wconf 84' lang='lat'>&#39;</span> 
     </span>
     <span class='ocr_line' id='line_1_29' title="bbox 177 3751 951 3852; baseline 0 -26"><span class='ocrx_word' id='word_1_147' title='bbox 177 3767 250 3827; x_wconf 91' lang='lat' dir='ltr'><strong>Hoc</strong></span> <span class='ocrx_word' id='word_1_148' title='bbox 262 3777 491 3852; x_wconf 83' lang='lat' dir='ltr'><strong>argumentum</strong></span> <span class='ocrx_word' id='word_1_149' title='bbox 509 3763 635 3846; x_wconf 81' lang='lat' dir='ltr'><strong>monet,</strong></span> <span class='ocrx_word' id='word_1_150' title='bbox 648 3777 685 3850; x_wconf 78' lang='lat' dir='ltr'><strong>u&#39;t</strong></span> <span class='ocrx_word' id='word_1_151' title='bbox 699 3751 882 3843; x_wconf 44' lang='lat' dir='ltr'><strong>sustineasp</strong></span> <span class='ocrx_word' id='word_1_152' title='bbox 891 3762 951 3826; x_wconf 87' lang='lat' dir='ltr'><strong>tibi</strong></span> 
     </span>
    </p>

    <p class='ocr_par' dir='ltr' id='par_1_19' title="bbox 135 3866 965 3951">
     <span class='ocr_line' id='line_1_30' title="bbox 135 3866 965 3951; baseline -0.005 -19"><span class='ocrx_word' id='word_1_153' title='bbox 135 3866 260 3932; x_wconf 87' lang='lat' dir='ltr'><strong>Habitu</strong></span> <span class='ocrx_word' id='word_1_154' title='bbox 274 3888 342 3934; x_wconf 86' lang='lat' dir='ltr'><strong>esse</strong></span> <span class='ocrx_word' id='word_1_155' title='bbox 355 3868 499 3951; x_wconf 81' lang='lat' dir='ltr'><strong>similes,</strong></span> <span class='ocrx_word' id='word_1_156' title='bbox 508 3868 565 3950; x_wconf 90' lang='lat' dir='ltr'><strong>qui</strong></span> <span class='ocrx_word' id='word_1_157' title='bbox 576 3879 652 3934; x_wconf 87' lang='lat' dir='ltr'><strong>sunt</strong></span> <span class='ocrx_word' id='word_1_158' title='bbox 661 3870 780 3932; x_wconf 79' lang='lat' dir='ltr'><strong>virtute</strong></span> <span class='ocrx_word' id='word_1_159' title='bbox 794 3867 942 3948; x_wconf 74' lang='lat' dir='ltr'><strong>impares</strong></span> <span class='ocrx_word' id='word_1_160' title='bbox 959 3928 965 3940; x_wconf 26' lang='lat' dir='ltr'>x</span> 
     </span>
    </p>
   </div>
   <div class='ocr_carea' id='block_1_11' title="bbox 1077 1517 1188 1605">
    <p class='ocr_par' dir='ltr' id='par_1_20' title="bbox 1077 1517 1188 1605">
     <span class='ocr_line' id='line_1_31' title="bbox 1077 1517 1188 1605; baseline 0 0"><span class='ocrx_word' id='word_1_161' title='bbox 1077 1517 1094 1578; x_wconf 69' lang='lat'>⁵</span> <span class='ocrx_word' id='word_1_162' title='bbox 1185 1597 1188 1605; x_wconf 79' lang='lat'><em>.</em></span> 
     </span>
    </p>
   </div>
   <div class='ocr_carea' id='block_1_12' title="bbox 1062 3557 1079 3615">
    <p class='ocr_par' dir='ltr' id='par_1_21' title="bbox 1062 3557 1079 3615">
     <span class='ocr_line' id='line_1_32' title="bbox 1062 3557 1079 3615; baseline 0 0"><span class='ocrx_word' id='word_1_163' title='bbox 1062 3557 1079 3615; x_wconf 83' lang='lat'><strong>5</strong></span> 
     </span>
    </p>
   </div>
   <div class='ocr_carea' id='block_1_13' title="bbox 0 0 1428 4792">
    <p class='ocr_par' dir='ltr' id='par_1_22' title="bbox 0 0 1428 4792">
     <span class='ocr_line' id='line_1_33' title="bbox 0 0 1428 4792; baseline 0 6"><span class='ocrx_word' id='word_1_164' title='bbox 0 0 1428 4792; x_wconf 95' lang='lat' dir='ltr'><strong> </strong></span> 
     </span>
    </p>
   </div>
  </div>
 </body>
</html>
