2916 4790
334 465 373 528 ss
530 438 752 527 russum
772 463 1076 530 rruuusauu

568 649 1120 780 rusurnxvr.

568 885 746 940 CICADA
772 885 827 934 ET
854 884 1088 942 NOCTUL„
1138 813 1140 826 i

334 985 574 1099 Housurrarr
588 1024 646 1105 qui
661 1045 694 1086 se
710 1043 777 1086 non
787 1025 1027 1105 accommodat,

334 1135 530 1210 Plerumque
541 1149 663 1212 poenas
675 1127 798 1210 oppetit
810 1127 992 1209 superbiae.

375 1237 495 1298 Cicada
510 1236 663 1296 acerbum
679 1237 822 1295 Noctuae
835 1229 1020 1296 convicium

333 1339 501 1422 Faciebat,
518 1337 632 1418 solitae
646 1335 769 1398 victum
782 1334 817 1395 in
833 1334 976 1397 tenebris
990 1355 1164 1419 quaerere,

335 1445 488 1519 Cavoque
502 1422 595 1500 ramo
613 1443 729 1520 capere
745 1457 896 1516 somnum
911 1438 1064 1501 interdiu.
1141 1512 1148 1520 ³
1196 1513 1201 1524 Ι
1263 1441 1280 1500 5
1344 1507 1346 1510 ,

334 1547 461 1629 Rogata
472 1552 533 1623 est,
548 1552 585 1603 ut
599 1551 726 1604 taceret.
743 1543 847 1604 Multo
859 1541 998 1604 validius

247 1632 251 1637 ’
335 1647 485 1708 Clamare
499 1643 615 1728 eoepit.
630 1639 753 1706 Rursus
768 1646 899 1706 admota
918 1665 1030 1727 prece,
1084 1703 1088 1710 ,.

335 1729 477 1814 Αοᾶεηεα
494 1750 598 1836 magis
610 1760 666 1813 est.
683 1753 821 1832 Noctua,
842 1763 878 1814 ut
896 1751 978 1814 vidit
990 1749 1054 1814 sibi

334 1858 469 1920 Nullum
479 1875 545 1920 esse
558 1856 733 1939 auxilium,
745 1865 777 1922 et
789 1859 890 1920 verba
902 1857 1150 1939 contemnisne,

334 1960 407 2025 Hac
421 1973 468 2025 est
483 1983 632 2048 aggressa
644 1965 810 2050 garrulam
825 1964 970 2026 fallacia:
1242 1986 1286 2027 ro·

335 2069 487 2132 Dormire
500 2070 578 2150 quia
590 2093 644 2133 me
655 2090 724 2134 uon
733 2069 847 2136 'sinunt
860 2081 972 2134 cantus
989 2070 1050 2153 tui,
1084 2099 1085 2104 ¹

218 2169 220 2172 ’
336 2177 457 2238 Sonare
469 2176 592 2240 cithari
607 2196 689 2258 quos
700 2188 794 2261 putes
808 2176 986 2260 Apollinis,

335 2280 452 2342 Potare
463 2289 510 2342 est
525 2279 655 2344 animus
671 2292 799 2362 nectar,
814 2284 904 2362 quod
918 2283 1022 2344 Pallas
1035 2278 1119 2342 mihi

336 2384 447 2464 Nuper
464 2384 613 2446 donavit:
630 2382 658 2447 si
674 2404 742 2447 nou
755 2383 892 2466 fastidis,
907 2376 1001 2461 ven'i3

334 2481 411 2546 Una
424 2486 675 2572 bibamussllla,
690 2509 773 2570 quae
790 2490 923 2551 ardebat
932 2487 1004 2571 siti,

248 2647 256 2663 ,
336 2590 441 2653 Simul
456 2597 607 2678 cognovit
621 2616 736 2660 vorem
753 2596 883 2658 laudari
899 2617 1007 2680 suam,

338 2693 464 2774 Cupide
482 2697 657 2760 advolavit.
677 2699 817 2783 Noctua,
831 2721 988 2786 egressae
1005 2695 1099 2784 earu,

338 2801 568 2882 crepidantem
585 2813 765 2866 consectata
778 2816 841 2888 est,
856 2817 888 2868 et
903 2808 969 2869 leto
990 2808 1088 2872 dedit.

336 2901 406 2988 Sic,
422 2905 497 2972 viva
510 2910 599 2988 quod
612 2919 762 2996 negarat,
773 2911 886 2974 tribuit
901 2921 1043 2975 mortue.

560 3053 1055 3187 rasurarum

492 3284 667 3339 arrosus
693 3289 735 3342 ru
764 3289 934 3346 usonuu
962 3261 1128 3341 rursus.

340 3373 474 3500 outre,
495 3439 575 3500 quas
587 3425 710 3486 vellent
725 3445 792 3490 esse
806 3427 842 3490 in
855 3431 954 3492 tutela
969 3449 1046 3512 sua,

338 3522 416 3586 Divi
424 3524 575 3609 legerunt
587 3527 727 3590 arbores.
746 3531 891 3612 Quercus
902 3531 989 3614 Iovi,

338 3627 378 3687 Et
395 3635 522 3706 myrtus
533 3627 653 3692 Veneri
665 3628 803 3716 placuit,
822 3637 953 3700 Phoebo
969 3639 1099 3720 laurea,
1162 3671 1170 3684 ι
1251 3597 1254 3606 .

339 3725 439 3789 Pinus
453 3728 622 3811 Cybebae,
639 3733 780 3812 populus
794 3737 879 3798 celsa
890 3737 1037 3802 Herculi.'

337 3828 489 3895 ¹Minerva
502 3835 683 3922 admirans,
698 3859 797 3920 quare
812 3841 934 3908 steriles
948 3845 1137 3928 sumerent?
