2750 4782
387 402 443 464 ua
700 358 1088 502 unouuur'

592 603 1123 721 Funuraavun

611 782 634 864 s
723 815 982 874 uacunun

381 938 523 1054 Morus
537 1003 617 1046 voce
627 1002 746 1046 eanum
760 985 880 1046 Cervus
895 985 996 1072 fugit,
1016 987 1089 1050 avia
1102 987 1213 1052 silvae
1274 975 1278 982 ¹

420 1090 562 1172 Deserit,
582 1111 660 1152 arva
675 1077 779 1171 senei,
793 1093 933 1155 claustra
946 1094 1066 1156 bovina
1079 1097 1182 1159 subit.

379 1200 441 1260 Bos
451 1199 512 1262 ait:
528 1201 591 1259 Aul
609 1196 676 1278 luci
694 1200 859 1280 tenebras,
877 1212 1087 1281 autaequora
1103 1205 1220 1288 campi

388 1351 399 1373 ,
419 1307 532 1372 Turius
544 1308 698 1388 intrares,
716 1307 792 1370 hinc
805 1308 915 1393 piger,
932 1311 1011 1372 inde
1024 1304 1116 1376 leuis.

378 1415 452 1476 Huc
466 1415 573 1477 veniet
586 1415 877 1494 custosqueboum,
890 1415 1074 1496 stabulique
1084 1419 1263 1506 magister:
1309 1424 1325 1486 5

419 1521 547 1600 Sidus,
563 1522 615 1582 vel
628 1530 753 1582 tantum
769 1531 800 1582 te
812 1520 900 1583 videt
915 1523 1013 1598 alter,
1027 1523 1111 1586 obis.

378 1622 500 1696 Cervus
509 1632 554 1692 ait
565 1653 573 1691 :
585 1629 668 1692 Mihi
677 1639 782 1694 vestra
792 1652 904 1695 necem
915 1633 1088 1696 clementia
1101 1635 1226 1697 demat.

419 1734 547 1798 Credite
557 1756 610 1798 me
620 1735 769 1816 latebris,
783 1739 863 1800 dum
876 1737 963 1800 iuvet
974 1739 1091 1800 umbra
1100 1739 1232 1825 fugam.

376 1833 648 1909 Huue'tumulant
657 1845 766 1906 foeno.
782 1849 937 1928 Praesepe
946 1846 1056 1909 revisit
1073 1859 1208 1931 arator,

418 1953 600 2014 Fraudibus
614 1965 645 2014 et
659 1953 757 2016 ioeno
769 1953 874 2018 munit
889 1953 1011 2034 alitque
1021 1956 1131 2016 boves.
1292 1980 1321 2020 ιο

377 2061 441 2125 Hic
452 2061 535 2142 abit,
551 2083 589 2123 ae
602 2063 724 2124 Cervus
734 2058 850 2123 vitasse
863 2060 1008 2144 pericula
1020 2064 1187 2148 gaudens,

406 2165 600 2252 *Bubusagit
613 2175 737 2250 grates3
754 2184 772 2226 e
788 2163 906 2244 quibus
924 2187 1007 2228 unus
1027 2167 1087 2228 ait:

311 2277 314 2288 '
376 2270 431 2332 Est
441 2271 528 2350 leve,
546 2270 648 2332 vitare
659 2288 809 2333 caecum:
827 2269 855 2332 si
869 2259 1134 2357 venerit'Argus‚

417 2380 540 2465 Argum
556 2379 585 2440 si
598 2377 718 2460 poieris
737 2379 865 2459 fallere,
883 2379 997 2465 victor>
1004 2382 1077 2453 eris.

376 2491 515 2558 Centum
524 2487 586 2548 fert
599 2486 726 2563 oeulos,
745 2485 798 2546 cui
811 2505 845 2546 se
862 2485 979 2548 debere
997 2487 1139 2552 fatentur
1291 2496 1318 2556 ri

417 2598 455 2658 Et
471 2597 586 2657 domus
599 2610 630 2655 et
642 2577 727 2654 s‘er'vi
745 2600 873 2670 totaque
893 2591 964 2652 iura
985 2591 1059 2654 loci.

336 2725 338 2732 ’
375 2704 440 2766 Res
452 2721 510 2762 sua
524 2699 671 2762 sollicitat
686 2693 824 2784 Argum3
844 2674 894 2761 res
910 2701 1011 2761 altera
1029 2719 1177 2764 caecum.

415 2806 481 2892 Qui
498 2805 556 2868 fibi
569 2774 738 2883 dorririlat,
750 2805 809 2866 scit
824 2803 961 2890 vigilare
974 2805 1046 2868 sibi.

374 2913 438 2978 Hie
450 2913 532 2976 silet.
547 2917 650 3000 Argus
662 2913 723 2975 init
736 2912 916 2994 stabulum,
929 2915 1097 2994 bobusque
1109 2895 1297 2985 ministrat:

415 3026 491 3087 Plus
504 3035 610 3104 aequo
626 3033 737 3086 tenues
754 3020 880 3083 viderat
896 3043 961 3086 esse
980 3025 1087 3086 boves.
1290 3051 1321 3094 πο

316 3188 318 3196 .
374 3133 462 3196 Dum
471 3131 577 3194 munit
587 3149 740 3213 praesepe
750 3127 840 3208 cibe,
855 3130 934 3190 dum
953 3129 1096 3215 fulgurat
1109 3129 1182 3215 ira,

398 3220 498 3302 *Ausa
513 3237 623 3298 videre
637 3237 724 3297 diem
739 3255 859 3298 cornua
875 3237 975 3322 longa
990 3237 1088 3299 videt.

375 3341 463 3425 Quid
472 3340 634 3402 lalethic?
644 3340 740 3425 quid,
755 3339 817 3419 ait,
832 3339 949 3402 video?
961 3343 1122 3422 sentitque
1131 3345 1315 3436 latentem,

414 3449 453 3509 Et
466 3447 552 3507 bona
565 3445 713 3522 fortunae
728 3467 864 3508 munera
879 3449 981 3510 laetus
999 3449 1105 3512 habet.

374 3550 554 3616 Exsulisest
563 3569 632 3612 non
643 3569 710 3610 esse
723 3568 817 3613 suum
828 3598 837 3634 ,
850 3555 986 3640 vigilare
999 3555 1156 3640 potentis,
1210 3621 1215 3628 ,
1290 3565 1322 3630 25

415 3662 558 3736 stertere*
568 3675 754 3756 servorum,
773 3663 858 3726 velle
873 3662 987 3728 iuvare
1002 3662 1061 3746 pii.
1165 3712 1168 3723 .
