2916 4790
274 531 288 558 -,
337 492 378 550 so
535 479 763 546 PHAEDRI
782 477 1089 541 FABULARUM

219 691 224 698 .
336 635 459 695 Natura
477 647 646 706 nunquam
659 626 759 686 verba
776 621 946 704 cuipotuit
964 603 1061 686 dare:
1251 627 1292 688 15

335 741 369 803 Si
386 758 561 823 procurare
573 735 623 800 vis
639 723 814 811 ostentum,
832 731 982 816 Rustico,

289 852 290 855 ’
335 851 474 928 Uxores,
492 843 617 926 inquit,
634 846 676 905 da
691 841 755 906 tuis
770 841 964 924 pastoribus.

597 1050 903 1124 FABULA
951 1051 1020 1126 1v.

453 1203 473 1224 “
553 1285 555 1292 ,
647 1225 972 1282 srnrrcarur.

335 1334 506 1446 peroras
524 1374 566 1434 ad
577 1369 702 1434 lanium
717 1371 852 1452 quidam
868 1357 952 1434 vidit
967 1370 1099 1435 simium'
1125 1434 1127 1438 ,

333 1487 423 1547 Inter
441 1483 583 1561 reliqiias
599 1501 720 1544 merces
731 1492 829 1562 atque
846 1473 1001 1546 obsonia:

310 1653 316 1670 ,
334 1591 516 1677 Quaesivit,
531 1589 689 1669 quidnam
702 1589 848 1671 saperet?
862 1593 948 1652 Tum
958 1587 1078 1652 Lanius
1090 1587 1200 1652 iocans
1209 1609 1228 1650 r·

334 1699 457 1784 Quale,
471 1694 595 1777 inquit,
614 1705 710 1776 caput
723 1705 769 1758 est
778 1743 788 1779 ,
797 1697 877 1788 talis
890 1704 1072 1779 praestatur
1085 1715 1191 1778 sapor.

318 1839 330 1852 ι
374 1805 525 1869 Ridicule
535 1805 708 1892 magishoc
720 1805 857 1887 dictum,
871 1825 972 1886 quam
982 1823 1073 1885 vere,
1088 1803 1239 1882 aestima,
1261 1803 1279 1866 5

334 1914 477 1998 Quando
489 1923 519 1975 et
530 1913 689 1978 formosos
700 1931 795 1994 saepe
812 1911 926 1975 inveni
936 1911 1106 1996 pessimos,

334 2023 375 2104 Et
392 2022 481 2108 turpi
496 2020 580 2086 facie
595 2023 715 2092 multos
732 2019 874 2107 cognovi
888 2021 1038 2105 optimos.
1069 2033 1074 2044 “

611 2217 1037 2318 urrunnu„
1119 2321 1128 2325 ,

519 2357 727 2451 Assorus
754 2401 810 2452 rr
836 2399 1097 2458 recussus.

334 2493 530 2609 succussus
542 2543 590 2620 ,ad
603 2541 782 2624 perniciem
800 2542 919 2608 multos
933 2548 1079 2610 devocat.
1123 2563 1125 2572 ’

346 2671 347 2678 “
375 2653 501 2734 Aesopo
516 2651 649 2730 quidam
667 2654 817 2733 petulans
832 2654 975 2736 lapidem
994 2655 1183 2742 impegerat.

332 2758 454 2837 Tanto,
469 2757 594 2840 inquil,
610 2759 738 2819 melior.
757 2757 867 2843 Assem
881 2743 999 2824 deinde
1012 2763 1062 2826 illi
1074 2763 1179 2846 dedit,

270 2865 280 2888 *
332 2861 385 2924 Sic
398 2875 601 2946 prosecutus:
615 2865 690 2926 Plus
705 2885 772 2926 nou
781 2867 891 2929 habco
905 2869 1107 2952 mehercule,

332 2945 396 3030 Sed
405 2970 492 3029 unde
503 2965 651 3048 accipere
659 2969 780 3051 possis,
798 2977 987 3036 monstrabo
1000 2975 1067 3037 tibi.
1261 2975 1280 3039 5

332 3076 432 3140 Venit
447 3097 521 3139 ecce
537 3074 627 3138 dives
641 3087 821 3160 etpotens:
843 3079 922 3142 huic
940 3082 1089 3144 similiter
1136 3095 1140 3108 ’
1166 3099 1169 3106 ·

332 3178 482 3264 Impinge
498 3180 659 3264 lapidem,
678 3195 709 3244 et
728 3183 863 3270 dignum
877 3183 1016 3266 accipies
1029 3185 1223 3268 praemium.

279 3295 283 3302 “
332 3262 505 3348 Persuasus
516 3289 572 3350 ille
582 3289 673 3369 lecit,
687 3294 776 3370 quod
787 3291 930 3356 monitus
944 3294 1022 3356 fuit:

333 3395 396 3457 Sed
406 3415 477 3476 spes
486 3395 602 3456 fefellit
615 3395 840 3478 impudentem
851 3403 1020 3464 audaciam
1032 3425 1040 3479 3

127 3497 129 3504 “
229 3529 233 3544 ·
333 3501 551 3582 Comprensus
563 3519 706 3583 namque
718 3524 840 3589 poenas
853 3507 1008 3592 persolvit
1023 3531 1129 3572 cruce.
1243 3531 1282 3571 ro
