2848 4792
283 461 587 528 rasurarum
607 425 948 524 Ansormn'un.
1051 482 1088 542 79
1112 432 1116 450 ’

353 647 873 764 rAnuLAxvur.

163 874 394 944 voLucRES,
411 873 703 950 Qunnnurencs
724 875 774 925 ET
794 872 1062 928 vrsrenrmo·

135 986 294 1099 Beniun
307 1026 463 1110 gerebant
475 1025 633 1090 Volucres
646 1033 720 1085 cum
734 1025 1024 1108 Quadrupedibus,

131 1130 175 1190 Et
190 1131 405 1191 vincebantur
416 1149 507 1190 versa
522 1127 663 1190 victores
674 1126 756 1189 vice.

131 1237 176 1297 At
189 1235 403 1317 vespertilio,
418 1235 534 1297 dubios
548 1243 681 1304 eventus
699 1233 829 1314 timens,

131 1343 188 1403 Ad
203 1342 277 1404 illos
288 1363 430 1422 semper,
443 1361 525 1421 quos
537 1358 703 1422 superasse
718 1337 858 1420 viderat,

130 1448 176 1508 Se
197 1449 394 1509 conferebat.
413 1449 452 1508 ln
468 1463 581 1527 pacem
598 1465 672 1506 cum
683 1443 855 1524 pristinam
1069 1442 1087 1504 ὅ

130 1553 323 1632 Redissent,
340 1554 428 1615 fraus
445 1552 575 1632 utrique
588 1551 702 1636 generi
718 1548 880 1631 apparuit.
902 1582 905 1589 ·

129 1655 319 1717 Damnatus
333 1674 411 1741 ergo
429 1665 495 1718 tam
510 1655 666 1736 pudendo
680 1651 834 1732 crimine,

129 1761 259 1822 Lucem
274 1762 456 1845 refugiens,
470 1761 547 1822 atris
561 1761 694 1841 posthac
707 1756 855 1821 condidit

131 1869 176 1929 Se
192 1866 352 1945 tenebris,
363 1868 452 1928 solus
470 1865 618 1928 noctibus
632 1885 761 1944 semper
772 1863 895 1926 volans.
945 1893 949 1902 ’

178 1970 249 2053 Qui
261 1990 296 2032 se
313 1971 439 2033 duabus
454 1969 636 2054 venditabit
654 1969 813 2052 partibus,
1053 1989 1091 2030 ro

134 2073 294 2186 qtrisque
303 2074 449 2162 ingratus
464 2074 564 2139 vitam
576 2077 671 2161 deget
682 2071 831 2156 turpiter.

379 2278 683 2350 FABULA
732 2277 856 2350 XIX.

206 2455 453 2523 Luscium,
471 2455 746 2524 enormen,
765 2455 814 2506 ur
836 2451 1032 2506 nucers.

140 2581 346 2710 Acerrime
358 2624 394 2687 in
408 2622 552 2686 Luscinii
566 2622 645 2686 nido
661 2623 741 2684 dum
756 2622 864 2704 sedet,

138 2733 258 2799 Aurito
271 2731 443 2813 insidians,
456 2729 526 2792 illic
538 2730 648 2810 pullos
659 2726 795 2790 invenit.

137 2849 261 2922 Mater,
274 2838 398 2922 periclo
416 2849 504 2900 mota
517 2836 634 2918 prolis,
647 2837 796 2917 advolat,

136 2949 369 3032 Supplexque,
384 2942 484 3026 pullis
498 2952 535 3005 ut
547 2951 660 3024 parcat
674 2941 757 3021 suis,
773 2945 878 3026 rogat.

137 3051 322 3133 Accipiter,
340 3047 516 3133 Quodvis,
530 3048 654 3128 inquit,
670 3047 806 3129 faciam,
822 3044 950 3108 sibona
1076 3043 1095 3102 5

139 3145 298 3221 Cantabis
314 3176 395 3220 voce
407 3173 539 3217 carmen
552 3153 758 3214 modulatum
777 3148 870 3212 mihi.

140 3266 183 3324 At
195 3261 271 3344 illa,
289 3260 439 3341 quamvis
454 3259 616 3324 excideret
633 3257 779 3339 animus,
798 3265 907 3318 tamen

142 3369 233 3428 Metu
251 3366 401 3447 parebat,
415 3375 447 3427 et
458 3374 571 3427 coacta
587 3362 721 3438 cantitat

145 3469 316 3549 Luctuque
332 3472 439 3551 plena.
462 3447 619 3532 Praedam
637 3467 694 3548 qui
710 3468 896 3546 captaverat

146 3569 459 3651 Accipiter,inquit:
473 3576 544 3635 Non
556 3584 590 3632 tu
605 3568 742 3634 cantasti
755 3571 853 3647 bene,
1059 3581 1098 3620 ιο
1197 3645 1200 3654 ‚

147 3675 188 3734 Et
199 3696 302 3735 unum
317 3695 357 3736 ex
370 3676 469 3756 pullis
482 3677 697 3759 apprehendit
713 3673 898 3758 unguibus3

148 3773 326 3854 Coepitque
339 3776 505 3835 devorare.
524 3777 571 3836 Ex
582 3776 711 3838 diverso
725 3773 815 3835 venit

149 3879 291 3961 Auceps,
307 3889 355 3960 et,
365 3867 491 3942 calamo
503 3879 587 3940 clam
603 3885 783 3956 crescente,
794 3870 958 3956 perfidum
