2916 4790
503 465 814 528 arenant.
926 521 931 528 .
1092 473 1128 550 ³5

182 612 289 688 Heus,
309 607 432 690 inquit,
446 608 598 690 Sapiens,
610 605 742 689 expedi,
760 604 840 687 quid
851 606 991 672 fecerim

184 714 357 777 Concurrit
375 716 527 796 populus.
544 713 605 774 Itle
620 732 655 774 se
672 721 801 790 torquet
819 711 890 794 diu,

183 819 250 878 Nec
262 814 457 897 quaestionis
469 813 593 896 positae
609 833 740 876 causam
754 812 924 899 iutelligite

184 919 365 982 Novissime
377 917 570 981 succumbit.
586 917 671 978 Tum
685 914 789 976 victor
805 918 943 996 sophus:

186 1025 258 1085 Cito
270 1041 402 1104 rumpes
412 1042 542 1101 arcum,
556 1018 721 1101 sempersi
732 1028 858 1081 tensum
869 1018 1041 1097 habueria;
1098 1039 1134 1080 ro

183 1131 225 1188 At
238 1127 266 1188 si
279 1126 415 1206 laxaris,
429 1145 504 1188 cum
519 1125 630 1204 voles,
654 1123 716 1185 erit
732 1123 829 1186 utilis.

224 1232 278 1295 Sic
295 1234 392 1294 ludus
408 1231 519 1292 animo
535 1229 631 1292 debet
646 1226 823 1308 aliquando
840 1227 927 1310 dari,

184 1339 235 1399 Ad
251 1337 461 1424 cogitandum
477 1333 595 1400 melior
612 1344 648 1396 ut
664 1336 774 1396 redeat
787 1334 856 1396 tibi.

435 1541 736 1613 FABULA
784 1541 879 1615 XV.

441 1723 579 1778 CANIS
607 1725 670 1778 AD
700 1727 879 1779 AGNUM·

185 1835 292 1950 iuras
309 1881 448 1964 capellas
459 1883 552 1968 Agno
564 1881 688 1943 balanti
702 1880 816 1962 Canis,

184 1990 302 2066 Stulte,
315 1987 435 2068 inquit,
453 2008 560 2070 erras,
575 2007 642 2049 non
661 1979 776 2048 est'hic
793 1993 897 2048 mater
909 1992 980 2064 tua;

185 2095 336 2172 Ovesque
352 2102 534 2180 segregatas
547 2091 688 2154 ostendit
706 2090 831 2172 procul.

184 2200 258 2257 Non
270 2197 360 2258 illam
376 2216 516 2278 quaero,
528 2217 629 2278 quae,
641 2217 715 2258 cum
728 2195 856 2258 libitum
869 2205 933 2278 est,
944 2197 1101 2282 concipit,

183 2297 268 2358 Dein
283 2307 389 2378 portat
400 2317 483 2359 onus
496 2298 646 2383 ignotum
661 2299 754 2360 certis
769 2298 948 2382 mensibuS,
1113 2303 1130 2364 5

182 2396 365 2460 Novissime
381 2391 568 2480 prolapsim
583 2395 721 2461 effundit
736 2397 912 2476 sarcinam

183 2489 308 2568 Verum
319 2503 428 2586 ittam,
445 2524 530 2584 quae
543 2524 596 2566 me
611 2501 712 2564 nutrit
726 2505 857 2563 admoto
874 2504 991 2583 ubere,

182 2611 389 2690 Fraudatque
408 2619 502 2672 natos
516 2611 614 2690 lacte,
627 2630 669 2670 ne
682 2609 764 2670 desit
778 2607 870 2670 mihi.
899 2622 901 2631 ’
1095 2671 1103 2690 p

182 2715 306 2774 Tamen
318 2712 374 2775 illa
389 2713 566 2796 estpotior,
580 2732 665 2793 quae
675 2722 706 2774 te
715 2709 852 2794 peperit.
866 2713 940 2774 Non
951 2709 995 2772 ita
1006 2718 1062 2773 est.

182 2820 276 2896 Unde
286 2818 343 2882 illa
352 2818 461 2901 scivit,
476 2818 589 2906 1116111,Ι
600 2839 643 2880 an
653 2818 748 2878 albus
761 2816 933 2878 nascerer?
1092 2835 1128 2876 ιο

181 2927 250 3011 Age
260 2945 377 3006 porro,
388 2926 510 2988 scisset:
531 2945 606 2986 eum
620 2945 750 2987 crearer
763 2924 946 3003 masculus,

180 3031 377 3096 Beneficium
392 3052 550 3116 magnum
566 3050 644 3092 sane
658 3027 760 3091 natali
776 3027 879 3108 dedit,

179 3141 223 3200 Ut
234 3146 453 3219 exspectarem
466 3136 593 3199 lanium
604 3137 640 3199 in
653 3139 751 3199 horas
760 3135 915 3222 singulas.

180 3239 279 3301 Cuius
293 3248 433 3320 potestas
450 3240 544 3302 nulla
560 3239 595 3302 in
613 3239 779 3326 gignendo
793 3237 874 3319 tuit,

130 3342 132 3358 ‘
179 3344 246 3402 Cur
260 3343 323 3404 hac
338 3341 380 3406 sit
395 3341 523 3425 potior,
540 3363 625 3423 quae
641 3342 774 3407 iacentis
789 3341 932 3406 miserita
943 3349 1007 3424 est,
1089 3342 1123 3404 15

179 3447 382 3528 Dulcemque
396 3458 513 3531 sponte
524 3459 665 3532 praestat
680 3450 966 3514 benevolentiam?
984 3451 987 3464 '

179 3550 268 3614 Facit
280 3561 430 3632 parentes
442 3555 584 3637 bonitas,
601 3577 670 3618 non
687 3556 866 3620 necessitas.

220 3655 279 3718 His
296 3660 516 3724 demonstrare
531 3663 636 3725 voluit
650 3673 762 3727 auctor
777 3664 941 3744 versibus,

181 3761 344 3828 Obsistere
356 3765 505 3830 homines
520 3768 661 3851 legibus,
679 3769 801 3831 meritis
819 3765 903 3849 oapi·
