<?xml version="1.0" encoding="UTF-8"?>
<!DOCTYPE html PUBLIC "-//W3C//DTD XHTML 1.0 Transitional//EN"
    "http://www.w3.org/TR/xhtml1/DTD/xhtml1-transitional.dtd">
<html xmlns="http://www.w3.org/1999/xhtml" xml:lang="en" lang="en">
 <head>
  <title>
</title>
<meta http-equiv="Content-Type" content="text/html;charset=utf-8" />
  <meta name='ocr-system' content='tesseract 3.04.00' />
  <meta name='ocr-capabilities' content='ocr_page ocr_carea ocr_par ocr_line ocrx_word'/>
</head>
<body>
  <div class='ocr_page' id='page_1' title='image "./phaedriaugustil05phaegoog_0205.png"; bbox 0 0 2848 4792; ppageno 0'>
   <div class='ocr_carea' id='block_1_1' title="bbox 319 405 961 472">
    <p class='ocr_par' dir='ltr' id='par_1_1' title="bbox 319 405 961 472">
     <span class='ocr_line' id='line_1_1' title="bbox 319 405 961 472; baseline -0.011 0"><span class='ocrx_word' id='word_1_1' title='bbox 319 414 356 472; x_wconf 79' lang='lat'><strong>86</strong></span> <span class='ocrx_word' id='word_1_2' title='bbox 485 431 492 448; x_wconf 65' lang='grc'><strong>“</strong></span> <span class='ocrx_word' id='word_1_3' title='bbox 615 405 961 468; x_wconf 83' lang='lat' dir='ltr'>APPENDIX</span> 
     </span>
    </p>
   </div>
   <div class='ocr_carea' id='block_1_2' title="bbox 317 543 1278 629">
    <p class='ocr_par' dir='ltr' id='par_1_2' title="bbox 317 543 1407 748">
     <span class='ocr_line' id='line_1_2' title="bbox 317 543 1278 629; baseline -0.005 -17"><span class='ocrx_word' id='word_1_4' title='bbox 317 551 464 629; x_wconf 75' lang='lat' dir='ltr'><strong>Veneto,</strong></span> <span class='ocrx_word' id='word_1_5' title='bbox 481 565 558 608; x_wconf 86' lang='lat' dir='ltr'><strong>mox</strong></span> <span class='ocrx_word' id='word_1_6' title='bbox 575 545 711 627; x_wconf 83' lang='lat' dir='ltr'><strong>plenum</strong></span> <span class='ocrx_word' id='word_1_7' title='bbox 729 545 814 606; x_wconf 83' lang='lat' dir='ltr'><strong>farre</strong></span> <span class='ocrx_word' id='word_1_8' title='bbox 825 543 992 606; x_wconf 84' lang='lat' dir='ltr'><strong>sacculum</strong></span> <span class='ocrx_word' id='word_1_9' title='bbox 1009 544 1105 606; x_wconf 82' lang='lat' dir='ltr'><strong>dabo.</strong></span> <span class='ocrx_word' id='word_1_10' title='bbox 1259 548 1278 607; x_wconf 83' lang='lat'><em>5</em></span> 
     </span>
    </p>
   </div>
   <div class='ocr_carea' id='block_1_3' title="bbox 316 647 1235 1032">
    <p class='ocr_par' dir='ltr' id='par_1_3' title="bbox 316 647 1235 840">
     <span class='ocr_line' id='line_1_3' title="bbox 316 647 1235 735; baseline -0.003 -21"><span class='ocrx_word' id='word_1_11' title='bbox 316 653 442 714; x_wconf 86' lang='lat' dir='ltr'><strong>Asellus</strong></span> <span class='ocrx_word' id='word_1_12' title='bbox 456 649 562 729; x_wconf 86' lang='lat' dir='ltr'><strong>inquil</strong></span> <span class='ocrx_word' id='word_1_13' title='bbox 572 671 586 710; x_wconf 34' lang='lat' dir='ltr'><strong>:v</strong></span> <span class='ocrx_word' id='word_1_14' title='bbox 600 651 694 711; x_wconf 86' lang='lat' dir='ltr'><strong>Nunc</strong></span> <span class='ocrx_word' id='word_1_15' title='bbox 710 647 851 727; x_wconf 86' lang='lat' dir='ltr'><strong>quirem</strong></span> <span class='ocrx_word' id='word_1_16' title='bbox 867 667 1002 730; x_wconf 82' lang='lat' dir='ltr'><strong>parvam</strong></span> <span class='ocrx_word' id='word_1_17' title='bbox 1018 668 1134 735; x_wconf 82' lang='lat' dir='ltr'><strong>negas,</strong></span> <span class='ocrx_word' id='word_1_18' title='bbox 1229 649 1235 656; x_wconf 82' lang='grc'><strong>’</strong></span> 
     </span>
     <span class='ocr_line' id='line_1_4' title="bbox 318 753 1040 840; baseline -0.004 -23"><span class='ocrx_word' id='word_1_19' title='bbox 318 756 407 840; x_wconf 77' lang='lat' dir='ltr'><strong>Quid</strong></span> <span class='ocrx_word' id='word_1_20' title='bbox 418 755 454 817; x_wconf 91' lang='lat' dir='ltr'><strong>in</strong></span> <span class='ocrx_word' id='word_1_21' title='bbox 468 755 589 818; x_wconf 85' lang='lat' dir='ltr'><strong>maiore</strong></span> <span class='ocrx_word' id='word_1_22' title='bbox 605 764 636 816; x_wconf 84' lang='lat' dir='ltr'><strong>le</strong></span> <span class='ocrx_word' id='word_1_23' title='bbox 653 755 816 816; x_wconf 80' lang='lat' dir='ltr'><strong>facturum</strong></span> <span class='ocrx_word' id='word_1_24' title='bbox 833 753 1040 816; x_wconf 72' lang='lat' dir='ltr'><strong>existimem?</strong></span> 
     </span>
    </p>

    <p class='ocr_par' dir='ltr' id='par_1_4' title="bbox 316 861 1185 1032">
     <span class='ocr_line' id='line_1_5' title="bbox 357 861 1185 948; baseline 0 -25"><span class='ocrx_word' id='word_1_25' title='bbox 357 862 439 946; x_wconf 81' lang='lat' dir='ltr'><strong>Qui,</strong></span> <span class='ocrx_word' id='word_1_26' title='bbox 452 881 571 946; x_wconf 81' lang='lat' dir='ltr'><strong>magna</strong></span> <span class='ocrx_word' id='word_1_27' title='bbox 583 883 655 923; x_wconf 91' lang='lat' dir='ltr'><strong>cum</strong></span> <span class='ocrx_word' id='word_1_28' title='bbox 667 861 878 944; x_wconf 74' lang='lat' dir='ltr'><strong>promittunt,</strong></span> <span class='ocrx_word' id='word_1_29' title='bbox 890 883 991 944; x_wconf 85' lang='lat' dir='ltr'><strong>parva</strong></span> <span class='ocrx_word' id='word_1_30' title='bbox 1003 864 1185 948; x_wconf 78' lang='lat' dir='ltr'><strong>denegant,</strong></span> 
     </span>
     <span class='ocr_line' id='line_1_6' title="bbox 316 963 893 1032; baseline -0.009 -2"><span class='ocrx_word' id='word_1_31' title='bbox 316 969 356 1030; x_wconf 92' lang='lat' dir='ltr'><strong>In</strong></span> <span class='ocrx_word' id='word_1_32' title='bbox 369 969 478 1030; x_wconf 85' lang='lat' dir='ltr'><strong>dando</strong></span> <span class='ocrx_word' id='word_1_33' title='bbox 490 988 524 1030; x_wconf 89' lang='lat' dir='ltr'><strong>se</strong></span> <span class='ocrx_word' id='word_1_34' title='bbox 539 963 717 1032; x_wconf 83' lang='lat' dir='ltr'>tenaciores</span> <span class='ocrx_word' id='word_1_35' title='bbox 735 963 893 1028; x_wconf 73' lang='lat' dir='ltr'><strong>indicant.</strong></span> 
     </span>
    </p>
   </div>
   <div class='ocr_carea' id='block_1_4' title="bbox 513 1141 1104 1380">
    <p class='ocr_par' dir='ltr' id='par_1_5' title="bbox 513 1141 1104 1380">
     <span class='ocr_line' id='line_1_7' title="bbox 541 1141 1039 1214; baseline 0 0"><span class='ocrx_word' id='word_1_36' title='bbox 541 1143 626 1214; x_wconf 61' lang='grc' dir='ltr'><strong>ΕΑ</strong></span> <span class='ocrx_word' id='word_1_37' title='bbox 653 1142 680 1211; x_wconf 87' lang='grc' dir='ltr'><strong>Β</strong></span> <span class='ocrx_word' id='word_1_38' title='bbox 706 1143 736 1214; x_wconf 94' lang='lat' dir='ltr'><strong>U</strong></span> <span class='ocrx_word' id='word_1_39' title='bbox 761 1141 848 1214; x_wconf 83' lang='lat' dir='ltr'><strong>LA</strong></span> <span class='ocrx_word' id='word_1_40' title='bbox 899 1143 1039 1214; x_wconf 91' lang='lat' dir='ltr'>XXX.</span> 
     </span>
     <span class='ocr_line' id='line_1_8' title="bbox 513 1291 1104 1380; baseline -0.002 -20"><span class='ocrx_word' id='word_1_41' title='bbox 513 1308 602 1360; x_wconf 79' lang='lat' dir='ltr'><strong>LEO</strong></span> <span class='ocrx_word' id='word_1_42' title='bbox 630 1305 778 1358; x_wconf 76' lang='lat' dir='ltr'><strong>ssuux</strong></span> <span class='ocrx_word' id='word_1_43' title='bbox 802 1309 858 1360; x_wconf 75' lang='lat' dir='ltr'><strong>ei·</strong></span> <span class='ocrx_word' id='word_1_44' title='bbox 887 1291 1104 1380; x_wconf 77' lang='lat' dir='ltr'><strong>vuin1s.&#39;</strong></span> 
     </span>
    </p>
   </div>
   <div class='ocr_carea' id='block_1_5' title="bbox 318 1414 1044 1742">
    <p class='ocr_par' dir='ltr' id='par_1_6' title="bbox 318 1414 1044 1742">
     <span class='ocr_line' id='line_1_9' title="bbox 318 1414 1027 1542; baseline 0.004 -27"><span class='ocrx_word' id='word_1_45' title='bbox 318 1414 510 1525; x_wconf 70' lang='lat' dir='ltr'><strong>Dicimus</strong></span> <span class='ocrx_word' id='word_1_46' title='bbox 523 1455 618 1518; x_wconf 88' lang='lat' dir='ltr'><strong>annis</strong></span> <span class='ocrx_word' id='word_1_47' title='bbox 636 1456 828 1542; x_wconf 80' lang='lat' dir='ltr'><strong>languorem</strong></span> <span class='ocrx_word' id='word_1_48' title='bbox 845 1454 938 1518; x_wconf 86' lang='lat' dir='ltr'><strong>finxit</strong></span> <span class='ocrx_word' id='word_1_49' title='bbox 952 1457 1027 1518; x_wconf 84' lang='lat' dir='ltr'><strong>Leo.</strong></span> 
     </span>
     <span class='ocr_line' id='line_1_10' title="bbox 319 1559 1035 1646; baseline -0.001 -25"><span class='ocrx_word' id='word_1_50' title='bbox 319 1559 496 1646; x_wconf 78' lang='lat' dir='ltr'><strong>Aegrolu&#39;m</strong></span> <span class='ocrx_word' id='word_1_51' title='bbox 512 1563 554 1622; x_wconf 83' lang='lat' dir='ltr'><strong>ad</strong></span> <span class='ocrx_word' id='word_1_52' title='bbox 571 1581 680 1645; x_wconf 84' lang='lat' dir='ltr'><strong>regem</strong></span> <span class='ocrx_word' id='word_1_53' title='bbox 700 1559 900 1622; x_wconf 77' lang='lat' dir='ltr'><strong>visitandum</strong></span> <span class='ocrx_word' id='word_1_54' title='bbox 914 1561 1035 1624; x_wconf 76' lang='lat' dir='ltr'><strong>bestiae</strong></span> 
     </span>
     <span class='ocr_line' id='line_1_11' title="bbox 319 1660 1044 1742; baseline -0.006 -18"><span class='ocrx_word' id='word_1_55' title='bbox 319 1665 431 1726; x_wconf 87' lang='lat' dir='ltr'><strong>Plures</strong></span> <span class='ocrx_word' id='word_1_56' title='bbox 446 1671 622 1736; x_wconf 80' lang='lat' dir='ltr'><strong>venerunt;</strong></span> <span class='ocrx_word' id='word_1_57' title='bbox 643 1663 777 1723; x_wconf 87' lang='lat' dir='ltr'><strong>devorat</strong></span> <span class='ocrx_word' id='word_1_58' title='bbox 792 1681 872 1741; x_wconf 86' lang='lat' dir='ltr'><strong>quas</strong></span> <span class='ocrx_word' id='word_1_59' title='bbox 887 1660 1044 1742; x_wconf 64' lang='lat' dir='ltr'><strong>protinus.</strong></span> 
     </span>
    </p>
   </div>
   <div class='ocr_carea' id='block_1_6' title="bbox 177 1761 1053 1953">
    <p class='ocr_par' dir='ltr' id='par_1_7' title="bbox 177 1761 1053 1953">
     <span class='ocr_line' id='line_1_12' title="bbox 212 1761 1043 1848; baseline -0.008 -17"><span class='ocrx_word' id='word_1_60' title='bbox 212 1761 215 1780; x_wconf 89' lang='lat'>&#39;</span> <span class='ocrx_word' id='word_1_61' title='bbox 320 1771 382 1831; x_wconf 89' lang='lat' dir='ltr'><strong>Scd</strong></span> <span class='ocrx_word' id='word_1_62' title='bbox 393 1779 486 1829; x_wconf 82' lang='lat' dir='ltr'><strong>caula</strong></span> <span class='ocrx_word' id='word_1_63' title='bbox 499 1767 615 1847; x_wconf 83' lang='lat' dir='ltr'><strong>Vulpis</strong></span> <span class='ocrx_word' id='word_1_64' title='bbox 628 1775 703 1827; x_wconf 83' lang='lat' dir='ltr'><strong>ante</strong></span> <span class='ocrx_word' id='word_1_65' title='bbox 718 1767 907 1847; x_wconf 84' lang='lat' dir='ltr'><strong>speluncam</strong></span> <span class='ocrx_word' id='word_1_66' title='bbox 927 1765 1043 1848; x_wconf 81' lang='lat' dir='ltr'><strong>procul</strong></span> 
     </span>
     <span class='ocr_line' id='line_1_13' title="bbox 177 1869 1053 1953; baseline -0.002 -23"><span class='ocrx_word' id='word_1_67' title='bbox 177 1911 186 1930; x_wconf 83' lang='lat'>.</span> <span class='ocrx_word' id='word_1_68' title='bbox 253 1877 258 1881; x_wconf 83' lang='lat'>&#39;</span> <span class='ocrx_word' id='word_1_69' title='bbox 319 1869 721 1953; x_wconf 68' lang='lat' dir='ltr'><strong>Stabalsalulansregcm.</strong></span> <span class='ocrx_word' id='word_1_70' title='bbox 738 1871 843 1952; x_wconf 80' lang='lat' dir='ltr'><strong>Quam</strong></span> <span class='ocrx_word' id='word_1_71' title='bbox 862 1876 955 1952; x_wconf 78' lang='lat' dir='ltr'><strong>rogat</strong></span> <span class='ocrx_word' id='word_1_72' title='bbox 972 1869 1053 1948; x_wconf 90' lang='lat' dir='ltr'><strong>Lc0,</strong></span> 
     </span>
    </p>
   </div>
   <div class='ocr_carea' id='block_1_7' title="bbox 241 1969 1245 2262">
    <p class='ocr_par' dir='ltr' id='par_1_8' title="bbox 241 1969 1245 2262">
     <span class='ocr_line' id='line_1_14' title="bbox 320 1969 1012 2054; baseline -0.001 -22"><span class='ocrx_word' id='word_1_73' title='bbox 320 1973 386 2032; x_wconf 87' lang='lat' dir='ltr'><strong>Cur</strong></span> <span class='ocrx_word' id='word_1_74' title='bbox 398 1990 464 2032; x_wconf 92' lang='lat' dir='ltr'><strong>non</strong></span> <span class='ocrx_word' id='word_1_75' title='bbox 478 1972 628 2033; x_wconf 75' lang='lat' dir='ltr'><strong>inicaretz</strong></span> <span class='ocrx_word' id='word_1_76' title='bbox 648 1970 754 2034; x_wconf 90' lang='lat' dir='ltr'><strong>Video</strong></span> <span class='ocrx_word' id='word_1_77' title='bbox 770 1972 857 2049; x_wconf 88' lang='lat' dir='ltr'><strong>quod</strong></span> <span class='ocrx_word' id='word_1_78' title='bbox 875 1969 1012 2054; x_wconf 76' lang='lat' dir='ltr'><strong>vestigia</strong></span> 
     </span>
     <span class='ocr_line' id='line_1_15' title="bbox 241 2072 1245 2160; baseline 0.009 -29"><span class='ocrx_word' id='word_1_79' title='bbox 241 2113 242 2118; x_wconf 20' lang='grc' dir='ltr'><strong><em>κ</em></strong></span> <span class='ocrx_word' id='word_1_80' title='bbox 320 2072 514 2134; x_wconf 74' lang='lat' dir='ltr'><strong>intrantium</strong></span> <span class='ocrx_word' id='word_1_81' title='bbox 530 2078 650 2156; x_wconf 85' lang='lat' dir='ltr'><strong>mulla,</strong></span> <span class='ocrx_word' id='word_1_82' title='bbox 669 2079 805 2160; x_wconf 58' lang='lat' dir='ltr'><strong>ainulla</strong></span> <span class='ocrx_word' id='word_1_83' title='bbox 825 2075 1060 2138; x_wconf 53' lang='lat' dir='ltr'><strong>exeuntium«</strong></span> <span class='ocrx_word' id='word_1_84' title='bbox 1236 2139 1245 2156; x_wconf 74' lang='grc'>,</span> 
     </span>
     <span class='ocr_line' id='line_1_16' title="bbox 341 2160 1134 2262; baseline 0.005 -24"><span class='ocrx_word' id='word_1_85' title='bbox 341 2209 344 2216; x_wconf 78' lang='lat'><strong>,</strong></span> <span class='ocrx_word' id='word_1_86' title='bbox 359 2175 468 2239; x_wconf 75' lang='lat' dir='ltr'><strong>Cauiis</strong></span> <span class='ocrx_word' id='word_1_87' title='bbox 477 2181 629 2260; x_wconf 79' lang='lat' dir='ltr'><strong>prodesse</strong></span> <span class='ocrx_word' id='word_1_88' title='bbox 642 2180 787 2262; x_wconf 84' lang='lat' dir='ltr'><strong>pericula</strong></span> <span class='ocrx_word' id='word_1_89' title='bbox 797 2181 938 2244; x_wconf 89' lang='lat' dir='ltr'><strong>aliorum</strong></span> <span class='ocrx_word' id='word_1_90' title='bbox 950 2183 1066 2246; x_wconf 82' lang='lat' dir='ltr'><strong>solenl.</strong></span> <span class='ocrx_word' id='word_1_91' title='bbox 1130 2160 1134 2172; x_wconf 48' lang='lat'>⁸</span> 
     </span>
    </p>
   </div>
   <div class='ocr_carea' id='block_1_8' title="bbox 524 2354 1055 2434">
    <p class='ocr_par' dir='ltr' id='par_1_9' title="bbox 524 2354 1055 2434">
     <span class='ocr_line' id='line_1_17' title="bbox 524 2354 1055 2434; baseline -0.004 -9"><span class='ocrx_word' id='word_1_92' title='bbox 524 2354 833 2427; x_wconf 85' lang='lat' dir='ltr'><strong>FABULA</strong></span> <span class='ocrx_word' id='word_1_93' title='bbox 881 2355 1055 2434; x_wconf 74' lang='lat' dir='ltr'>XXXI.</span> 
     </span>
    </p>
   </div>
   <div class='ocr_carea' id='block_1_9' title="bbox 544 2523 1044 2580">
    <p class='ocr_par' dir='ltr' id='par_1_10' title="bbox 544 2523 1044 2580">
     <span class='ocr_line' id='line_1_18' title="bbox 544 2523 1044 2580; baseline -0.002 -3"><span class='ocrx_word' id='word_1_94' title='bbox 544 2526 699 2580; x_wconf 83' lang='lat' dir='ltr'>PULEX</span> <span class='ocrx_word' id='word_1_95' title='bbox 725 2528 780 2577; x_wconf 85' lang='lat' dir='ltr'><strong>ET</strong></span> <span class='ocrx_word' id='word_1_96' title='bbox 810 2523 1044 2578; x_wconf 76' lang='lat' dir='ltr'><strong>CAMELUS·</strong></span> 
     </span>
    </p>
   </div>
   <div class='ocr_carea' id='block_1_10' title="bbox 320 2617 1096 3274">
    <p class='ocr_par' dir='ltr' id='par_1_11' title="bbox 321 2617 1085 2962">
     <span class='ocr_line' id='line_1_19' title="bbox 321 2617 1085 2745; baseline -0.001 -18"><span class='ocrx_word' id='word_1_97' title='bbox 321 2617 449 2727; x_wconf 76' lang='lat' dir='ltr'><strong>Pumx</strong></span> <span class='ocrx_word' id='word_1_98' title='bbox 463 2665 588 2727; x_wconf 86' lang='lat' dir='ltr'><strong>Cameli</strong></span> <span class='ocrx_word' id='word_1_99' title='bbox 601 2669 696 2730; x_wconf 84' lang='lat' dir='ltr'><strong>dorso</strong></span> <span class='ocrx_word' id='word_1_100' title='bbox 709 2668 791 2730; x_wconf 84' lang='lat' dir='ltr'><strong>forte</strong></span> <span class='ocrx_word' id='word_1_101' title='bbox 809 2665 995 2745; x_wconf 86' lang='lat' dir='ltr'><strong>considens,</strong></span> <span class='ocrx_word' id='word_1_102' title='bbox 1082 2661 1085 2670; x_wconf 76' lang='grc'><strong>“</strong></span> 
     </span>
     <span class='ocr_line' id='line_1_20' title="bbox 321 2769 1021 2851; baseline 0.01 -24"><span class='ocrx_word' id='word_1_103' title='bbox 321 2769 479 2830; x_wconf 82' lang='lat' dir='ltr'><strong>Gravatus</strong></span> <span class='ocrx_word' id='word_1_104' title='bbox 494 2771 605 2832; x_wconf 82' lang='lat' dir='ltr'><strong>mullis</strong></span> <span class='ocrx_word' id='word_1_105' title='bbox 619 2773 678 2851; x_wconf 89' lang='lat' dir='ltr'><strong>qui</strong></span> <span class='ocrx_word' id='word_1_106' title='bbox 690 2771 860 2834; x_wconf 77' lang='lat' dir='ltr'><strong>incedebat</strong></span> <span class='ocrx_word' id='word_1_107' title='bbox 874 2770 1021 2850; x_wconf 86' lang='lat' dir='ltr'><strong>sarcinis,</strong></span> 
     </span>
     <span class='ocr_line' id='line_1_21' title="bbox 321 2870 909 2962; baseline 0.005 -30"><span class='ocrx_word' id='word_1_108' title='bbox 321 2870 389 2934; x_wconf 88' lang='lat' dir='ltr'><strong>Sibi</strong></span> <span class='ocrx_word' id='word_1_109' title='bbox 403 2874 568 2955; x_wconf 70' lang='lat' dir='ltr'><strong>placebat,</strong></span> <span class='ocrx_word' id='word_1_110' title='bbox 586 2876 683 2962; x_wconf 82' lang='lat' dir='ltr'><strong>longe</strong></span> <span class='ocrx_word' id='word_1_111' title='bbox 701 2875 787 2938; x_wconf 87' lang='lat' dir='ltr'><strong>visus</strong></span> <span class='ocrx_word' id='word_1_112' title='bbox 801 2874 909 2950; x_wconf 72' lang='lat' dir='ltr'><strong>altior.</strong></span> 
     </span>
    </p>

    <p class='ocr_par' dir='ltr' id='par_1_12' title="bbox 320 2961 1096 3274">
     <span class='ocr_line' id='line_1_22' title="bbox 320 2961 1052 3066; baseline 0.003 -30"><span class='ocrx_word' id='word_1_113' title='bbox 320 2973 385 3038; x_wconf 81' lang='lat' dir='ltr'><strong>Iler</strong></span> <span class='ocrx_word' id='word_1_114' title='bbox 397 2998 471 3040; x_wconf 91' lang='lat' dir='ltr'><strong>cum</strong></span> <span class='ocrx_word' id='word_1_115' title='bbox 484 2961 620 3066; x_wconf 81' lang='lat' dir='ltr'><strong>longum</strong></span> <span class='ocrx_word' id='word_1_116' title='bbox 636 2979 796 3058; x_wconf 84' lang='lat' dir='ltr'><strong>facerent;</strong></span> <span class='ocrx_word' id='word_1_117' title='bbox 808 2999 942 3062; x_wconf 86' lang='lat' dir='ltr'><strong>vespera</strong></span> <span class='ocrx_word' id='word_1_118' title='bbox 954 2977 1052 3040; x_wconf 91' lang='lat' dir='ltr'><strong>simul</strong></span> 
     </span>
     <span class='ocr_line' id='line_1_23' title="bbox 321 3081 1096 3171; baseline 0.008 -31"><span class='ocrx_word' id='word_1_119' title='bbox 321 3081 371 3141; x_wconf 77' lang='lat' dir='ltr'><strong>Ad</strong></span> <span class='ocrx_word' id='word_1_120' title='bbox 381 3083 543 3146; x_wconf 75' lang='lat' dir='ltr'><strong>stabulum</strong></span> <span class='ocrx_word' id='word_1_121' title='bbox 553 3096 732 3171; x_wconf 78' lang='lat' dir='ltr'><strong>¹venenunl,</strong></span> <span class='ocrx_word' id='word_1_122' title='bbox 749 3087 852 3148; x_wconf 84' lang='lat' dir='ltr'><strong>Pulex</strong></span> <span class='ocrx_word' id='word_1_123' title='bbox 864 3085 978 3146; x_wconf 80' lang='lat' dir='ltr'><strong>leviter</strong></span> <span class='ocrx_word' id='word_1_124' title='bbox 989 3083 1096 3146; x_wconf 77' lang='lat' dir='ltr'><strong>statim</strong></span> 
     </span>
     <span class='ocr_line' id='line_1_24' title="bbox 320 3189 998 3274; baseline 0.009 -26"><span class='ocrx_word' id='word_1_125' title='bbox 320 3189 370 3248; x_wconf 87' lang='lat' dir='ltr'><strong>Ad</strong></span> <span class='ocrx_word' id='word_1_126' title='bbox 388 3199 505 3249; x_wconf 76' lang='lat' dir='ltr'><strong>terram</strong></span> <span class='ocrx_word' id='word_1_127' title='bbox 520 3189 652 3270; x_wconf 83' lang='lat' dir='ltr'><strong>saliens,</strong></span> <span class='ocrx_word' id='word_1_128' title='bbox 672 3193 771 3274; x_wconf 86' lang='lat' dir='ltr'><strong>Ecce,</strong></span> <span class='ocrx_word' id='word_1_129' title='bbox 792 3191 891 3273; x_wconf 83' lang='lat' dir='ltr'><strong>dixit,</strong></span> <span class='ocrx_word' id='word_1_130' title='bbox 909 3191 998 3254; x_wconf 88' lang='lat' dir='ltr'><strong>ocius</strong></span> 
     </span>
    </p>
   </div>
   <div class='ocr_carea' id='block_1_11' title="bbox 204 3292 1030 3380">
    <p class='ocr_par' dir='ltr' id='par_1_13' title="bbox 204 3292 1030 3380">
     <span class='ocr_line' id='line_1_25' title="bbox 204 3292 1030 3380; baseline 0.002 -26"><span class='ocrx_word' id='word_1_131' title='bbox 204 3347 206 3354; x_wconf 93' lang='lat'><em>.</em></span> <span class='ocrx_word' id='word_1_132' title='bbox 301 3292 505 3377; x_wconf 64' lang='lat' dir='ltr'><strong>-pescendo,</strong></span> <span class='ocrx_word' id='word_1_133' title='bbox 526 3295 670 3358; x_wconf 75' lang='lat' dir='ltr'><strong>attritum</strong></span> <span class='ocrx_word' id='word_1_134' title='bbox 687 3319 729 3358; x_wconf 90' lang='lat' dir='ltr'><strong>ne</strong></span> <span class='ocrx_word' id='word_1_135' title='bbox 750 3315 884 3380; x_wconf 83' lang='lat' dir='ltr'><strong>gravem</strong></span> <span class='ocrx_word' id='word_1_136' title='bbox 897 3295 1030 3358; x_wconf 78' lang='lat' dir='ltr'><strong>diutius.</strong></span> 
     </span>
    </p>
   </div>
   <div class='ocr_carea' id='block_1_12' title="bbox 319 3389 1264 3791">
    <p class='ocr_par' dir='ltr' id='par_1_14' title="bbox 319 3389 1121 3480">
     <span class='ocr_line' id='line_1_26' title="bbox 319 3389 1121 3480; baseline 0.009 -28"><span class='ocrx_word' id='word_1_137' title='bbox 319 3389 439 3468; x_wconf 74' lang='lat' dir='ltr'><strong>atille,</strong></span> <span class='ocrx_word' id='word_1_138' title='bbox 457 3394 663 3476; x_wconf 85' lang='lat' dir='ltr'><strong>Gratumest,</strong></span> <span class='ocrx_word' id='word_1_139' title='bbox 674 3397 794 3476; x_wconf 85' lang='lat' dir='ltr'><strong>inquit,</strong></span> <span class='ocrx_word' id='word_1_140' title='bbox 806 3397 862 3457; x_wconf 88' lang='lat' dir='ltr'><strong>sed</strong></span> <span class='ocrx_word' id='word_1_141' title='bbox 883 3418 944 3460; x_wconf 86' lang='lat' dir='ltr'><strong>nec</strong></span> <span class='ocrx_word' id='word_1_142' title='bbox 959 3400 1121 3480; x_wconf 80' lang='lat' dir='ltr'><strong>pondere,</strong></span> 
     </span>
    </p>

    <p class='ocr_par' dir='ltr' id='par_1_15' title="bbox 319 3494 1015 3585">
     <span class='ocr_line' id='line_1_27' title="bbox 319 3494 1015 3585; baseline 0.009 -27"><span class='ocrx_word' id='word_1_143' title='bbox 319 3497 366 3558; x_wconf 89' lang='lat' dir='ltr'><strong>Te</strong></span> <span class='ocrx_word' id='word_1_144' title='bbox 380 3494 550 3576; x_wconf 81' lang='lat' dir='ltr'><strong>imposilo,</strong></span> <span class='ocrx_word' id='word_1_145' title='bbox 565 3516 618 3557; x_wconf 89' lang='lat' dir='ltr'><strong>me</strong></span> <span class='ocrx_word' id='word_1_146' title='bbox 629 3499 759 3581; x_wconf 80' lang='lat' dir='ltr'><strong>gravari</strong></span> <span class='ocrx_word' id='word_1_147' title='bbox 772 3498 890 3562; x_wconf 78' lang='lat' dir='ltr'><strong>sentire</strong></span> <span class='ocrx_word' id='word_1_148' title='bbox 905 3503 1015 3585; x_wconf 78' lang='lat' dir='ltr'><strong>potui,</strong></span> 
     </span>
    </p>

    <p class='ocr_par' dir='ltr' id='par_1_16' title="bbox 319 3598 1264 3791">
     <span class='ocr_line' id='line_1_28' title="bbox 319 3598 1264 3683; baseline 0.011 -24"><span class='ocrx_word' id='word_1_149' title='bbox 319 3600 399 3679; x_wconf 88' lang='lat' dir='ltr'><strong>Nec,</strong></span> <span class='ocrx_word' id='word_1_150' title='bbox 416 3611 445 3662; x_wconf 78' lang='lat' dir='ltr'><strong>le</strong></span> <span class='ocrx_word' id='word_1_151' title='bbox 460 3598 601 3683; x_wconf 84' lang='lat' dir='ltr'><strong>deieclo,</strong></span> <span class='ocrx_word' id='word_1_152' title='bbox 615 3604 735 3664; x_wconf 81' lang='lat' dir='ltr'><strong>babere</strong></span> <span class='ocrx_word' id='word_1_153' title='bbox 749 3602 829 3682; x_wconf 90' lang='lat' dir='ltr'><strong>quid</strong></span> <span class='ocrx_word' id='word_1_154' title='bbox 845 3605 1025 3670; x_wconf 84' lang='lat' dir='ltr'><strong>levaminis.</strong></span> <span class='ocrx_word' id='word_1_155' title='bbox 1226 3627 1264 3669; x_wconf 78' lang='grc' dir='ltr'><strong>ιο</strong></span> 
     </span>
     <span class='ocr_line' id='line_1_29' title="bbox 361 3705 1042 3791; baseline 0.01 -27"><span class='ocrx_word' id='word_1_156' title='bbox 361 3705 426 3787; x_wconf 76' lang='lat' dir='ltr'><strong>Qui</strong></span> <span class='ocrx_word' id='word_1_157' title='bbox 445 3727 477 3768; x_wconf 89' lang='lat' dir='ltr'><strong>se</strong></span> <span class='ocrx_word' id='word_1_158' title='bbox 491 3706 639 3788; x_wconf 89' lang='lat' dir='ltr'><strong>sublimi,</strong></span> <span class='ocrx_word' id='word_1_159' title='bbox 659 3708 750 3784; x_wconf 88' lang='lat' dir='ltr'><strong>nullo</strong></span> <span class='ocrx_word' id='word_1_160' title='bbox 767 3727 839 3768; x_wconf 90' lang='lat' dir='ltr'><strong>cum</strong></span> <span class='ocrx_word' id='word_1_161' title='bbox 856 3707 896 3770; x_wconf 85' lang='lat' dir='ltr'><strong>sit</strong></span> <span class='ocrx_word' id='word_1_162' title='bbox 910 3709 1042 3791; x_wconf 79' lang='lat' dir='ltr'><strong>ordine,</strong></span> 
     </span>
    </p>
   </div>
   <div class='ocr_carea' id='block_1_13' title="bbox 321 3813 985 3898">
    <p class='ocr_par' dir='ltr' id='par_1_17' title="bbox 321 3813 985 3898">
     <span class='ocr_line' id='line_1_30' title="bbox 321 3813 985 3898; baseline 0.002 -24"><span class='ocrx_word' id='word_1_163' title='bbox 321 3813 437 3896; x_wconf 71' lang='lat' dir='ltr'><strong>lactat,</strong></span> <span class='ocrx_word' id='word_1_164' title='bbox 452 3822 579 3879; x_wconf 70' lang='lat' dir='ltr'><strong>notatus</strong></span> <span class='ocrx_word' id='word_1_165' title='bbox 592 3815 628 3877; x_wconf 90' lang='lat' dir='ltr'><strong>in</strong></span> <span class='ocrx_word' id='word_1_166' title='bbox 644 3817 829 3898; x_wconf 76' lang='lat' dir='ltr'><strong>despectum</strong></span> <span class='ocrx_word' id='word_1_167' title='bbox 846 3816 985 3880; x_wconf 82' lang='lat' dir='ltr'><strong>devenit.</strong></span> 
     </span>
    </p>
   </div>
   <div class='ocr_carea' id='block_1_14' title="bbox 0 0 1431 4792">
    <p class='ocr_par' dir='ltr' id='par_1_18' title="bbox 0 0 1431 4792">
     <span class='ocr_line' id='line_1_31' title="bbox 0 0 1431 4792; baseline 0 0"><span class='ocrx_word' id='word_1_168' title='bbox 0 0 1431 4792; x_wconf 95' lang='lat' dir='ltr'><strong> </strong></span> 
     </span>
    </p>
   </div>
  </div>
 </body>
</html>
