2910 4786
328 517 435 572 xxuu
506 494 1104 572 NOTITIA'LITERARIA

310 691 314 736 ³
414 668 548 753 Firuz!
564 705 634 754 eos,
656 682 710 776 qui
731 680 874 750 Phaedri
895 679 953 750 kas
976 707 1040 752 esse
1063 703 1194 778 negant.
1268 769 1275 782 ·

385 813 465 887 Nic.
488 816 677 892 Perottum,
703 813 844 884 videtur
872 830 1052 886 auctorem
1079 817 1278 889 fabularum

328 923 476 997 Phaedri
501 921 612 992 facere
636 922 759 992 Petrus
779 919 977 992 Scriverius.
1002 921 1105 994 Certe
1120 925 1279 1020 scriptori

326 1033 477 1124 antiquo
490 1029 670 1099 Tiberiani
693 1029 770 1097 aevi
790 1029 862 1098 illas
882 1052 1020 1120 prorsus
1042 1031 1144 1124 eripit
1166 1050 1201 1102 et
1215 1033 1280 1103 ab·

327 1139 479 1225 iudicat,
500 1137 545 1206 ad
564 1129 729 1206 Martialis
754 1136 812 1205 ΙΙΙ.
836 1158 891 1208 nu.
915 1152 957 1206 ut
979 1136 1122 1209 Vossius
1142 1139 1179 1208 in
1200 1140 1278 1210 Ari-

325 1252 462 1322 starcho
486 1247 529 1318 ll.
552 1249 605 1320 16.
625 1247 887 1339 AcPerottum
910 1269 992 1318 sane
1012 1247 1038 1316 si
1060 1249 1243 1338 audimus,
1262 1263 1274 1300 ¹

325 1363 352 1432 is
365 1387 446 1432 cum
460 1369 604 1430 testatus
619 1374 726 1444 esset,
752 1379 787 1428 se
805 1354 1066 1426 adolescentem
1081 1383 1126 1428 ex
1139 1357 1276 1432 Aviano

325 1473 458 1543 fabulas
472 1468 622 1540 iambico
635 1468 788 1562 carmine
802 1466 1034 1553 transtulisse,
1050 1493 1136 1539 mox
1151 1468 1274 1542 iisdem

326 1581 440 1653 verbis
464 1576 596 1649 deinde
624 1578 745 1646 recitat
764 1575 936 1672 integram
960 1575 1141 1666 fabulam,
1164 1583 1277 1673 qualis

325 1691 371 1760 de
385 1687 568 1758 arboribus
589 1685 625 1755 in
648 1683 809 1755 Deorum
830 1685 939 1754 tutela
962 1685 1058 1777 apud
1074 1688 1275 1762 Phaedrum

323 1797 385 1870 llI.
403 1817 457 1882 17.
481 1795 628 1891 legitur,
651 1791 716 1864 nisi
737 1791 838 1885 quod
855 1791 981 1864 rectius
996 1779 1194 1866 iu'Phaedri
1211 1799 1276 1867 ho·

285 1908 290 1925 ‘
325 1905 386 1976 die
408 1917 518 1974 exstat
536 1895 669 1987 Codice
679 1901 775 1999 pinus
796 1899 946 1992 Cybelae,
969 1906 1198 1996 quamquod
1212 1908 1277 1979 Pe.

323 2027 456 2094 sottus,
474 2011 570 2106 pinus
589 2007 764 2104 Neptuno:
785 2027 821 2077 er
841 2006 1011 2095 Faernus,
1032 2009 1150 2079 Pinum
1171 1987 1276 2084 humi·

324 2123 358 2191 di
381 2117 563 2214 tridentijer
576 2133 679 2186 rector
690 2115 764 2184 sali.
791 2115 958 2186 Ceterum
980 2139 1045 2186 uec
1061 2116 1200 2189 fabulae
1217 2145 1276 2192 ce·

322 2247 415 2300 terae
429 2225 562 2302 Perotti
572 2223 685 2294 editae
699 2247 848 2316 usquam
861 2244 960 2294 sunt:
989 2249 1106 2318 neque
1120 2227 1155 2296 in
1169 2229 1275 2302 Avia-

320 2362 371 2408 no
389 2337 508 2408 fabula
531 2334 622 2405 illius
642 2334 841 2431 argumenti
859 2335 1053 2426 reperitur,
1076 2361 1183 2430 quam
1201 2363 1275 2411 car·

240 2511 243 2522 .
322 2449 419 2519 mine
430 2443 625 2536 exprimere
638 2443 800 2516 Perottus
816 2443 984 2536 potuerit.
999 2444 1106 2541 Igitur
1116 2445 1273 2518 Barthius

321 2553 382 2624 lib.
404 2550 555 2624 XXXV.
584 2547 764 2620 Adversas.
786 2573 862 2642 cap.
884 2571 942 2648 35.
966 2567 1001 2619 et
1025 2575 1101 2648 pag.
1125 2555 1204 2640 827.
1227 2557 1274 2626 ad

322 2664 504 2736 Claudian.
518 2657 717 2728 Phaedrum
736 2661 820 2728 citra
843 2683 966 2729 onmem
988 2665 1199 2758 exceptionem
1218 2664 1274 2734 Ti·

322 2773 443 2844 beriam
458 2768 643 2862 scriptorem
657 2768 727 2837 nevi
739 2764 928 2856 professus,
946 2765 1154 2842 Scriverinm
1174 2774 1273 2844 refel-

240 2902 241 2913 ’
320 2879 384 2960 lit,
399 2874 583 2942 Perottum
596 2886 716 2938 autem
732 2871 915 2960 imponere
928 2873 1116 2946 lectoribus
1129 2878 1197 2948 suis
1211 2906 1272 2949 vo·

320 2984 422 3055 luisse
443 3001 518 3048 non
539 2977 700 3064 dubitat,
718 2993 835 3048 ratum
861 2980 956 3072 apud
975 3007 1009 3052 se
1024 2973 1140 3054 solum
1159 2989 1272 3057 Phae·

320 3092 373 3164 dri
398 3089 605 3181 exemplum
633 3107 788 3174 exstare;
815 3089 935 3179 itaque
959 3117 1074 3162 versus
1096 3095 1186 3168 illius
1206 3121 1272 3189 pro

318 3202 387 3275 suis
411 3198 575 3270 audacter
597 3199 771 3269 venditari
791 3225 811 3270 a
841 3224 876 3270 se
897 3224 1007 3294 posse.
1031 3202 1139 3274 Recte
1168 3223 1271 3300 opta·

319 3314 381 3384 bat
398 3309 638 3395 Burmannus,
663 3326 704 3378 ut
717 3309 862 3397 Codex,
880 3334 899 3378 e
915 3334 990 3402 quo
1000 3312 1162 3384 Perottus
1174 3339 1272 3384 sum·

318 3426 385 3511 sit,
415 3420 634 3514 reperiretur.
659 3421 829 3492 Codicem
857 3422 1004 3515 quidem
1026 3423 1224 3494 fabularum
1249 3449 1269 3494 a

318 3531 464 3604 Perotto
478 3529 684 3622 scriptarum
705 3530 742 3598 in
755 3529 851 3600 ltalia
865 3531 995 3626 reperit
1009 3530 1208 3602 Dorvillius:
1223 3531 1270 3602 de

320 3665 397 3740 quo
414 3638 578 3727 videant,
604 3639 668 3732 qui
685 3639 816 3726 velint,
833 3639 1083 3736 praefationem
1098 3637 1271 3710 Burman÷

355 3815 774 3884 rlncornucop'rsep.999.Con·
812 3817 897 3886 Toppl
911 3833 938 3882 p.
953 3815 1010 3879 184.
1025 3828 1052 3868 et
1067 3813 1159 3868 Bernh.
1174 3815 1268 3870 Mone-
1350 3861 1356 3892 ,

317 3903 355 3968 fer
368 3897 506 3954 Leonhard‘r
519 3895 646 3948 Nicodemi
660 3895 771 3946 additio·
812 3908 862 3947 ran
874 3894 905 3945 ad
915 3891 1060 3964 Meuagiana
1070 3893 1144 3948 Tom.
1154 3893 1201 3953 lv.
1210 3907 1267 3963 pag.

319 3997 364 4035 nes
382 3981 412 4034 sd
426 3981 490 4035 niul.
507 3977 696 4048 Neapolitanam
714 3977 771 4036 Nic.
813 3977 871 4030 118.
882 3989 937 4042 seq.

1445 2241 1447 2372 l
