2910 4786
341 433 345 442 ’
410 421 511 548 ⁸uu
547 475 867 550 PHAEDlto.
1034 495 1126 549 nn

106 649 108 656 “
178 658 300 712 natum
317 642 401 740 iugo
421 666 511 727 esse,
540 658 575 714 et
593 659 697 736 turpe
713 641 810 718 ducit
824 641 1001 716 Threissae
1014 645 1125 742 gentis

101 980 126 1034 ἱ

179 757 309 852 patriae
329 753 435 826 decus
450 755 552 826 inerti
570 781 697 828 somno
712 757 887 842 deserere,
911 781 992 830 cum
1006 775 1124 830 aucto·

177 892 229 938 res
243 867 299 936 illa
315 885 478 938 numeret
492 867 659 962 Apolline
672 887 707 940 et
721 868 820 940 Musa
835 869 1038 962 parentibus
1049 867 1125 940 edi·

177 999 255 1080 tos,
277 979 409 1054 Linum
429 999 537 1078 atque
551 981 752 1078 Orpheum.
781 984 848 1057 Pro
867 984 1003 1055 Thrace
1017 985 1127 1054 inan·

177 1095 286 1186 tiquis
308 1093 619 1188 Inscriptiouibus‚
642 1113 677 1166 et
699 1095 891 1168 codicibus
907 1095 1127 1189 quandoque

178 1209 331 1280 occurrit
358 1205 481 1283 Thres.
510 1209 622 1281 veluti
652 1211 780 1288 Threx,
812 1210 936 1312 Θρηῒξ,
966 1229 1006 1284 ut
1030 1215 1128 1307 apud

181 1321 374 1408 Gruterum
387 1347 464 1420 pag.
480 1345 501 1415 9
505 1349 524 1414 5
529 1349 560 1414 5.
577 1354 608 1420 4.
627 1350 693 1399 nec
707 1327 823 1398 minus
846 1329 979 1404 Thrax,
1002 1345 1043 1398 ut
1054 1353 1130 1398 ma·

180 1437 335 1509 lebat'de
354 1439 512 1510 Phaedro
533 1439 602 1512 dici
616 1441 766 1512 Gudius.
782 1441 864 1514 Vid.
883 1440 1126 1520 Burmannum

180 1547 225 1620 ad
250 1550 456 1620 Petronium
481 1575 557 1650 pag.
586 1575 664 1642 2⁹5·
693 1552 763 1626 Usu
787 1570 906 1626 tamen
931 1571 965 1630 et
989 1556 1128 1635 aurium

86 1709 88 1716 ·
160 1663 440 1734 ¹consuetudine
462 1665 495 1734 Τ
493 1665 576 1738 lrax
594 1666 699 1764 magis
724 1668 904 1760 probatur.
929 1666 1129 1738 Phaedrum

181 1796 300 1850 autem
316 1779 415 1884 linter
438 1766 594 1874 captivos
606 1781 756 1854 Romam
777 1781 879 1852 fuisse
896 1781 1095 1854 abductum
1115 1797 1126 1834 ¹

182 1909 294 1980 tunc,
316 1918 400 1966 cum
422 1893 572 1966 Thraces
591 1919 720 1992 magno
739 1897 876 1988 proelio
900 1893 966 1965 fusi
993 1911 1130 1983 essent,

182 2006 253 2076 vid.
266 2005 411 2078 Sueton.
428 2033 503 2102 cap.
515 2031 547 2100 3.
571 2005 717 2106 August
732 2033 806 2084 non
821 2025 872 2080 est
886 2009 1023 2102 oppido
1044 2012 1132 2080 veri·
1206 2039 1211 2048 ·

183 2114 317 2202 simile,
342 2117 513 2207 quoniam
527 2117 617 2187 inter
637 2117 814 2214 Caligulae
834 2117 1021 2208 imperium
1043 2135 1078 2188 et
1091 2117 1133 2187 il-

184 2225 250 2330 lud
273 2241 430 2317 tempus,
460 2249 535 2316 quo
559 2250 632 2295 non
656 2227 852 2323 Augustus,
875 2224 937 2296 sed
959 2245 1041 2296 ante
1059 2227 1133 2300 eius

159 2357 160 2362 ’
187 2337 424 2430 principatum
444 2339 614 2406 Octavius
635 2336 783 2433 Augusti
804 2356 903 2431 pater
915 2338 1066 2428 Thraces
1077 2339 1135 2411 fu·

187 2447 241 2527 dit
255 2497 266 2530 ,
280 2444 504 2517 intercedunt
515 2447 715 2538 plusquam
730 2450 949 2544 septuaginta
963 2450 1055 2518 anni.
1070 2450 1135 2520 Per

185 2559 342 2658 hydrum
367 2583 385 2628 a
404 2558 563 2629 Phaedro
576 2559 690 2628 notari
710 2559 832 2630 Caium
851 2560 1067 2658 Caligulam,
1090 2561 1136 2634 de

188 2696 265 2768 quo
276 2671 440 2742 Tiberius
457 2669 556 2764 apud
580 2668 726 2742 Sueton.
746 2693 820 2766 sap.
843 2665 895 2740 ir.
917 2671 1021 2769 Calig.
1041 2680 1135 2765 praa·

189 2788 337 2873 dicavit,
361 2811 395 2858 se
404 2789 567 2867 natricem
584 2787 699 2883 populo
719 2787 879 2862 Romano,
903 2785 1135 2860 Phaethontem

189 2903 256 2974 orbi
275 2919 432 2972 terrarum
452 2893 604 2984 educare,
624 2899 746 2970 Gudio
766 2917 802 2970 et
820 2899 1008 2970 Tristan02
1025 2924 1136 2972 assen-

189 3017 274 3090 titur
288 3013 385 3084 idem
400 3011 620 3084 Burmannus
634 3013 677 3082 ad
692 3003 835 3084 Petronss
845 3005 920 3110 pag.
933 3015 1011 3106 384.
1025 3012 1136 3105 Apud

189 3125 503 3220 hunc'Caligulam
519 3125 691 3218 gratiosus
705 3123 772 3192 fuit
791 3124 992 3220 Eutychus,
1015 3125 1072 3196 cui
1094 3115 1136 3196 li·

189 3243 302 3314 bellos
315 3265 396 3310 suos
409 3235 588 3309 Phaedrus
606 3237 800 3330 inscripsit,
821 3255 861 3309 ut
876 3223 1012 3311 notavit
1031 3241 1136 3312 etiam

191 3354 404 3428 Christianus
416 3351 523 3426 Wase
535 3351 628 3424 libro
642 3350 687 3422 de
704 3349 844 3436 Senario
858 3376 933 3452 pag.
948 3374 1006 3444 32.
1102 3433 1104 3444 A

227 3623 238 3660 ι
253 3608 337 3662 Placet
347 3609 398 3661 hoc
410 3609 467 3661 viro
483 3606 596 3669 emdito,
607 3605 646 3658 Μ.
683 3619 806 3674 papr7o.
818 3623 874 3672 17¹.
1079 3674 1087 3690 Ι

193 3685 534 3757 GabrieliSchumanno‚qui
543 3687 644 3740 Disset·
718 3703 733 3736 2
748 3686 856 3738 Historia
869 3689 1047 3754 Imperatorum
1061 3700 1137 3738 tnu-

92 3769 95 3772 ’
192 3767 314 3820 tationem
322 3769 353 3820 de
361 3767 560 3835 vitaetscriptis
570 3765 647 3818 Phae·
685 3767 746 3833 mis,
766 3767 863 3820 Gallice
881 3769 998 3840 exposita
1014 3767 1088 3820 Turn.
1103 3767 1138 3836 ll,

190 3843 648 3898 driGermanicsedtditinnovancer·
685 3865 740 3918 pag.
752 3862 808 3916 303.

94 3935 99 3943 “
190 3945 218 3985 ta
233 3919 390 3998 Philolo'gita
406 3928 517 3981 llrllensi
529 3941 603 3994 ¹7¹5·
619 3929 644 3978 8.
