2848 4792
245 441 250 452 ’
272 479 574 544 Flauianum
593 479 928 544 xrsormxuu.
1036 503 1074 564 77

362 717 837 792 FABULAXIV.

248 859 476 960 assutus,
505 890 585 942 nos
612 891 667 942 ar
694 890 957 948 voLucnes.

121 1005 299 1118 Asamus
313 1062 344 1116 et
354 1055 431 1133 Bos,
445 1071 513 1116 uno
527 1050 640 1116 sociati
654 1051 748 1138 iugo,

120 1160 309 1220 Plaustrum
327 1160 506 1221 trahebant.
523 1161 598 1238 Bos,
611 1159 689 1218 dum
704 1159 806 1222 tendit
822 1160 963 1230 validius

118 1263 295 1349 Confregit
312 1285 429 1326 cornu:
447 1265 573 1326 Asellus
588 1260 635 1323 nil
653 1263 825 1327 levaminis

116 1367 253 1431 Sentire
265 1368 350 1428 iurat
366 1388 399 1430 se
416 1387 434 1428 a
448 1373 598 1428 consorte
612 1363 723 1426 debili.
739 1409 742 1423 .

114 1473 285 1535 Laborem
297 1472 482 1551 intendens,
498 1491 599 1533 cornu
618 1469 740 1550 rumpit
754 1470 909 1552 alterum,
951 1495 953 1502 ·
1053 1470 1073 1530 5
1110 1502 1113 1512 =
1184 1529 1188 1538 ,

113 1577 309 1654 Terraeque
323 1577 453 1637 tandem
468 1579 528 1637 Bos
545 1570 731 1655 procumbit
744 1582 901 1636 mortuus.

111 1680 258 1747 Asinum
272 1683 432 1744 bubulcus
449 1701 546 1742 earne
564 1699 641 1741 mox
656 1689 770 1741 onerat
782 1679 895 1763 Bovis,

113 1787 189 1872 Qui
204 1791 315 1874 plagas
328 1789 413 1850 inter
427 1786 517 1848 mille
531 1797 645 1869 ruptus
658 1789 820 1871 concidit,

112 1895 158 1955 Et
171 1891 364 1971 exspiravit,
376 1883 483 1950 inedia
497 1890 660 1969 collapsus
673 1890 737 1950 via.

115 1999 173 2059 Ad
187 1996 342 2076 praedam
359 1997 516 2059 Volucres
535 1995 746 2055 convolantes
760 1993 932 2075 inquiunts
1034 2021 1073 2065 ιο
1193 2055 1197 2068 .

116 2099 156 2162 Si
170 2109 202 2158 te
217 2096 364 2178 precanti
377 2097 489 2158 mitem
505 2095 702 2160 exhibuisses
722 2098 819 2181 Bovi,

117 2205 197 2264 Non
207 2201 384 2264 immaturo
396 2219 543 2284 pasceres
556 2220 616 2265 nos
633 2201 759 2266 funere.

372 2355 822 2468 raaurxxv.

398 2571 488 2622 LEO
516 2571 571 2622 ET
598 2567 794 2624 PASTOR·

117 2681 268 2794 Ennius
280 2719 315 2783 in
329 2719 412 2782 silva
423 2718 551 2801 spinam
564 2719 701 2783 calcavit
715 2722 798 2802 leo,

113 2835 196 2894 Mox
207 2829 248 2889 ad
261 2831 423 2888 Pastorem
440 2825 545 2884 cauda
561 2823 651 2888 venit
666 2818 860 2890 hiandiems
912 2851 916 2857 ¹

113 2939 166 2998 Ne
176 2931 393 3017 perturberis,
405 2931 546 3011 imploro
556 2933 694 3014 supplex
705 2951 822 3014 opem,

112 3041 190 3102 Non
209 3037 364 3118 praedam
376 3051 508 3113 quaero.
526 3033 621 3096 Ponit
632 3033 668 3095 in
679 3033 806 3118 gremio
815 3035 933 3116 pedem

114 3145 227 3206 Homo
237 3142 418 3219 sublatum,
434 3146 481 3218 et,
495 3138 640 3200 eximens
654 3139 799 3219 spinam,
813 3138 908 3224 gravi
1045 3143 1064 3205 ⁵

116 3248 218 3307 Levat
228 3247 351 3328 dolore.
366 3241 464 3305 Redit
479 3243 558 3306 hinc
568 3244 605 3306 in
617 3243 714 3306 silvas
726 3245 804 3306 Leo.

118 3349 212 3410 Falso
225 3346 434 3432 post-tempus
444 3357 611 3410 accusatus
629 3345 768 3410 erimine

118 3455 230 3514 Pastor
241 3455 430 3533 damnatur,
441 3461 539 3531 atque
554 3449 640 3512 ludis
656 3447 814 3530 proximis

118 3556 370 3638 Ieiunisproiici
381 3557 512 3619 iubetur
526 3555 645 3618 hestiis.

118 3661 258 3724 Emissae
275 3665 356 3724 dunr'
369 3661 572 3725 discursitant
583 3660 702 3744 passim
716 3660 822 3741 ferae,
1023 3681 1062 3726 10

117 3764 258 3850 Agnovit
274 3765 460 3844 hominem,
476 3765 532 3845 qui
542 3764 739 3826 medicinam
750 3764 881 3849 fecerat,

115 3870 198 3950 Leo,
215 3877 247 3930 et
258 3869 423 3932 sublatum
439 3887 551 3932 rursus
560 3867 595 3930 in
609 3867 736 3959 gremio
743 3867 862 3950 pedem
