2848 4792
340 357 440 483 7⁶¹
519 377 525 389 ‘
646 349 992 478 Arruunrx

337 546 440 644 Ne,si
454 553 682 625 montescot,
697 545 774 606 inde
789 545 870 608 fiant
888 546 989 628 retia,

256 644 261 656 ’
335 657 377 716 Et
389 675 447 718 nos
461 656 621 738 possimus
636 655 760 718 artibus
776 656 927 718 humanis
939 655 1027 762 ,capi

335 764 456 826 Ridere
468 777 609 850 pergunt
625 766 724 826 verba
735 765 819 826 Aves
833 763 1043 846 Hirirndinis,

337 873 518 936 Consilium
533 883 563 936 et
574 883 731 956 spernunt
747 875 843 936 stulte
856 873 1154 955 prudentissimum.

335 982 376 1041 At
385 980 442 1042 illa
455 992 547 1043 cauta
561 982 603 1041 ad
614 978 783 1048 hominem
796 999 830 1040 se
848 997 925 1039 mox
939 978 1093 1057 contulit,

335 1088 378 1148 Ut
391 1096 458 1149 tuta
474 1085 570 1172 tignis
585 1086 699 1148 nidum
716 1087 891 1166 suspendet
907 1107 1022 1147 suum:
1249 1093 1289 1153 1⁵

334 1197 415 1272 Sed,
431 1212 515 1274 quae
530 1196 661 1256 salubre
678 1193 840 1256 monitum
853 1195 938 1254 Aves
953 1195 1178 1278 despexerant,

334 1304 384 1367 De
400 1301 471 1366 lino
484 1301 575 1366 factis
589 1311 701 1384 ceptae
711 1311 849 1384 pereunt
859 1302 993 1366 retibus.

566 1504 1051 1578 rnnuunxur
1169 1577 1179 1598 2

558 1675 741 1729 PERDIX
769 1679 825 1730 ET
851 1679 1039 1731 VULPIS.

332 1792 496 1904 Resnmr
510 1840 575 1902 alta
591 1845 756 1921 quondam
769 1845 887 1906 Perdix
900 1845 1026 1906 arbore.

330 1947 472 2010 Advenit
488 1947 619 2031 Vulpis;
638 1950 756 2014 deinde
772 1953 818 2015 sic
836 1953 943 2038 coepit
956 1951 1063 2032 loqui:

334 2051 363 2112 Ο
379 2061 501 2131 quanta
513 2056 622 2118 vultus
638 2055 761 2136 species
776 2067 837 2137 est,
856 2057 990 2138 Perdix,
1002 2056 1066 2118 tuil
1183 2053 1187 2059 ’

332 2158 462 2218 Coralla
476 2172 635 2244 rostrum,
654 2164 897 2254 crurarincunt
910 2186 1076 2247 purpurae

331 2265 515 2351 Fulgorem.
532 2270 573 2329 At
583 2269 610 2332 si
624 2270 796 2352 dormires,
814 2284 937 2352 quanto
952 2272 1120 2355 pulchrior
1264 2276 1282 2336 5

330 2369 422 2434 Esses
434 2375 441 2430 l
456 2374 498 2432 Ut
511 2376 609 2435 stulta
621 2376 737 2439 clausit
753 2379 879 2458 oculos,
900 2378 989 2442 illico

221 2509 231 2524 ι
330 2476 429 2559 Rapit
444 2482 630 2545 credentem
646 2483 772 2566 Vulpis.
791 2486 852 2546 Illa
869 2485 1000 2550 fletibus
1033 2565 1036 2572 ἱ

330 2583 420 2647 Haec
437 2585 539 2651 mixta
554 2590 708 2674 gravibus
719 2595 818 2654 verba
831 2595 969 2674 supplex
985 2593 1106 2684 edidit:

330 2689 393 2749 Per
408 2709 428 2750 ο
446 2701 594 2774 tuarum,
607 2694 737 2776 Vulpis,
753 2695 874 2758 artium
889 2699 1003 2776 decus,

330 2797 374 2856 Ut
390 2805 479 2880 ante,
493 2819 629 2881 quaeso,
646 2821 768 2864 nomen
782 2803 928 2884 proferas
943 2827 1071 2889 meum,
1242 2831 1280 2874 ιο

330 2902 383 2967 Sic
391 2888 577 2970 devorhbis.
590 2909 720 2991 Vulpis,
740 2911 798 2974 uhi
812 2913 916 2975 voluit
932 2917 1039 2998 loqui,
1146 2943 1155 2962 ·

329 2989 466 3090 Aperuit
480 3033 532 3075 os:
545 3025 577 3077 at
587 3016 705 3078 Perdix
719 3017 820 3092 erasit
832 3003 956 3082 necem.
1125 3000 1128 3011 ’

330 3120 473 3201 Decepta
485 3121 617 3207 Vulpis,
636 3123 725 3207 Quid
738 3144 821 3207 opus
836 3137 905 3186 erat
918 3127 1011 3207 loqui
1023 3131 1128 3195 mihi?
1235 3134 1248 3149 “

331 3227 520 3307 Respondet
534 3230 669 3314 Perdix,
686 3233 725 3296 Et
738 3233 883 3296 dormire
899 3233 978 3313 quid
991 3235 1074 3302 mihi

330 3331 408 3393 Erat
417 3353 558 3415 necesse,
572 3357 706 3402 somnus
718 3340 770 3402 cui
783 3362 850 3403 non
865 3347 1020 3408 venerat?
1241 3355 1277 3416 15

369 3442 442 3502 Hoc
456 3441 538 3520 illis,
553 3446 611 3522 qui
626 3449 819 3529 loquuntur,
838 3452 897 3513 ubi
911 3454 960 3515 nil
975 3463 1027 3520 ¹est
1039 3474 1136 3538 opus,

330 3547 369 3608 Et
384 3546 457 3630 qui,
474 3546 611 3636 vigilare
624 3571 699 3614 cum
712 3574 858 3641 necesse,
879 3563 1057 3641 dormiunt.
