2848 4792
466 411 776 510 1111111111.

395 661 698 736 rasura
746 661 846 738 1111.

492 829 760 884 PHAEDRUS.
924 781 930 790 ι

143 931 270 1072 Qum
288 975 432 1039 iudicare
443 972 560 1057 cogitet
577 972 664 1034 livor
678 974 797 1053 modo,

139 1081 238 1143 Licet
250 1079 444 1160 dissimulet,
460 1079 599 1160 pulchre
613 1087 722 1140 tamen
735 1075 894 1162 intelligo.

142 1181 318 1266 Quidquid
336 1181 462 1263 putabit
476 1200 544 1242 esse
561 1178 700 1264 dignum
719 1181 912 1262 memoriae,

140 1287 267 1369 Aesopi
279 1287 380 1349 dicet:
400 1285 523 1366 siquid
534 1284 642 1348 minus
655 1283 816 1365 arriserit,

140 1391 173 1452 A
190 1409 244 1452 mc
263 1390 435 1452 contendet
446 1387 560 1452 fictum
571 1387 688 1468 quovis
704 1386 852 1472 pignore.
1076 1391 1094 1450 s

140 1493 256 1576 Quem
269 1491 347 1552 voto
357 1489 463 1552 refelli
475 1489 541 1552 iam
554 1511 643 1552 nunc
658 1510 811 1572 responso
826 1511 918 1556 meo:

138 1581 222 1656 Sive
232 1594 295 1655 hoc
306 1592 474 1676 ineptum,
492 1592 561 1656 sive
576 1593 779 1656 laudandum
791 1602 838 1658 est
848 1613 948 1676 opus,
963 1627 965 1632 v

43 1714 49 1730 ·
139 1695 278 1758 Invenit
293 1696 368 1776 ille,
386 1703 495 1758 nostra
511 1693 646 1778 perfecit
662 1715 788 1759 manus.

138 1803 209 1865 Sed
220 1820 436 1881 exsequamur
446 1811 599 1882 coeptum
614 1799 773 1881 propositi
786 1798 946 1864 ordinem.

390 1963 691 2036 FABULA
741 1963 864 2034 XXI.
908 2033 912 2041 ,

308 2123 635 2178 1111111611111
664 2123 938 2176 srnonrnrs.

142 2223 279 2336 Hono
291 2270 404 2332 doctus
412 2267 447 2329 in
460 2288 494 2330 se
507 2287 635 2349 semper
647 2266 776 2330 divitias
788 2270 897 2330 habet.

188 2375 386 2454 Simonides,
402 2371 460 2452 qui
476 2371 604 2454 scripsit
616 2373 785 2457 egregium
800 2373 920 2454 melos,

142 2485 223 2566 Quo
238 2486 462 2562 paupertatem
474 2475 645 2538 sustineret
661 2473 802 2558 facilius,

143 2581 296 2646 Circuire
307 2579 414 2662 coepit
427 2582 526 2642 urbes
535 2578 629 2642 Asiae
641 2578 786 2662 nobiles,
952 2647 957 2660 ⁶

140 2689 297 2752 Mercede
312 2693 444 2766 accepta
457 2683 591 2747 laudem
607 2683 770 2746 victorum
787 2703 917 2749 canens.
978 2701 983 2713 ·
1076 2686 1094 2747 ⁵

139 2797 218 2859 Hoc
230 2814 349 2880 genere
362 2800 513 2872 quaestus
524 2802 697 2874 postquam
708 2793 854 2874 locuples
868 2792 971 2856 iactus
982 2799 1048 2874 est,

139 2903 267 2965 Redire
282 2900 317 2961 in
330 2899 471 2980 patriam
484 2899 590 2961 voluit
606 2921 700 2964 cursu
715 2899 862 2985 pelagio:

1127 1449 1139 1484 1

140 3009 367 3090 (Eratautem
381 3013 492 3085 natus,
510 3013 546 3065 ut
562 3002 671 3083 aiunt,
688 3003 725 3066 in
738 3006 804 3066 Cea
819 3003 966 3088 insula.)
1066 3089 1069 3096 Ι
1131 3019 1135 3026 ·

84 3091 93 3103 ’
140 3105 321 3170 Adscendit
330 3123 462 3184 navem,
475 3124 575 3184 quam
585 3114 755 3187 tempestas
770 3105 905 3170 horrida

25 3285 29 3301 ι
143 3205 251 3268 Simul
260 3215 292 3270 et
304 3212 444 3278 vetustas
459 3205 568 3267 medio
583 3205 731 3268 dissolvit
748 3206 842 3270 mari.
1057 3227 1094 3268 ro

143 3307 193 3368 Hi
207 3327 320 3396 zonas,
335 3308 386 3371 illi
399 3329 450 3372 res
462 3309 620 3391 pretiosas
635 3308 811 3396 colligunt,

146 3411 335 3474 Subsidium
347 3413 444 3477 vitae.
464 3414 608 3499 Quidam
625 3414 803 3493 curiosior,
866 3487 869 3497 ,

146 3516 329 3599 Simonide,
345 3505 380 3581 tu
399 3539 438 3582 ex
452 3521 569 3603 opibus
587 3522 635 3583 nil
647 3522 748 3584 sumis
767 3521 854 3585 tuis?

148 3621 295 3702 Mecum,
307 3621 427 3702 inquit,
440 3643 512 3685 mea
519 3635 594 3687 sunt
603 3635 727 3688 cuncta.
738 3629 832 3689 Tunc
839 3625 937 3710 pauci
946 3633 1093 3704 enatant,

148 3727 235 3808 Quia
248 3731 469 3830 plures‘onere
479 3733 644 3816 degravati
657 3735 831 3815 perierant.
1010 3798 1013 3805 ,
1059 3735 1092 3796 15

146 3831 330 3893 Praedones
342 3831 474 3910 adsunt:
491 3833 640 3924 rapiunt,
652 3838 742 3916 quod
755 3836 892 3917 quisque
903 3836 1033 3919 extulit,
