2750 4782
368 403 685 478 rsnunsn
944 420 999 494 n7
1098 497 1101 504 k
1202 364 1204 372 ’

28 567 153 628 Nemo
166 563 232 628 sibi
242 559 318 635 satis
329 567 392 624 est:
410 569 482 645 eget
497 556 603 621 omnis
618 555 742 640 amicus
757 556 874 620 amieo.
964 558 1000 618 15

78 672 119 735 Si
136 691 212 736 non
229 671 278 734 vis
294 667 533 751 aliis-parcere,
548 664 733 749 parcetibi.
981 654 985 665 ἲ

237 803 763 926 'rnssurnrvr

272 1030 330 1080 ne
359 989 502 1082 srurn
529 1029 586 1081 nr
611 1030 784 1084 ruere.
875 989 876 995 Ν

38 1143 168 1258 Snus
182 1196 224 1258 de
235 1197 323 1279 turpi
334 1194 482 1276 queritur
493 1205 588 1258 nate:
601 1194 741 1280 porrigit
753 1214 867 1258 aurem

81 1307 230 1388 Vulpes,
250 1327 317 1368 non
328 1305 442 1389 recipit
453 1317 578 1384 mente,
596 1304 654 1364 sed
665 1324 743 1365 eure
757 1292 881 1386 preces·¹

38 1412 150 1476 Simia
165 1415 213 1476 sic
228 1416 329 1476 fatur:
344 1416 433 1479 Natis
444 1424 480 1476 ut
493 1412 576 1475 mihi
589 1415 728 1478 dedecus
743 1433 875 1496 ornem,

82 1522 257 1596 Sufficeret
269 1528 393 1588 caudae
406 1545 481 1608 pars
495 1523 577 1586 mihi
595 1542 696 1606 parvo
710 1533 794 1586 tuae.

43 1635 139 1718 Quid
150 1636 284 1716 prodest
294 1634 397 1697 nimia
409 1652 542 1716 campos
555 1631 739 1716 insculpere
753 1633 878 1696 caudas
977 1618 998 1696 x5
1054 1641 1056 1644 '

87 1745 191 1825 Quod
205 1742 293 1804 mihi·
302 1744 484 1824 prodesset,
503 1752 550 1804 est
563 1742 622 1804 tibi
634 1743 763 1824 pondus
776 1742 873 1804 iners.

47 1852 111 1912 llla
128 1851 246 1912 refert:
262 1850 370 1912 Nimio
381 1852 517 1912 damnas
536 1853 577 1914 de
593 1853 740 1931 pondere
749 1853 904 1912 caudamr

93 1960 146 2018 Fst
160 1955 268 2018 brevis
280 1966 391 2036 estque
401 1956 500 2034 levis3
513 1959 595 2020 haec
606 1958 672 2018 duo
683 1958 802 2019 damna
814 1977 944 2038 queror.

49 2068 142 2136 Malo
156 2073 264 2126 verrat
273 2066 432 2146 humum,
448 2083 547 2144 quam
563 2064 604 2127 sit
616 2064 677 2127 tibi
691 2085 786 2127 causa
798 2063 941 2150 decoris,

94 2178 202 2259 Quam
215 2185 300 2258 teget
309 2173 495 2237 immundas
505 2195 555 2237 res
568 2177 653 2238 bene
665 2176 787 2236 munda
801 2186 900 2240 nates.
962 2197 997 2238 ro

53 2275 92 2336 Id
104 2275 243 2338 nimium
257 2275 426 2356 nimioque
438 2277 543 2361 magis
555 2277 671 2339 ditaret
688 2299 846 2364 egenum,

95 2386 192 2469 Quod
201 2382 341 2462 nimium
354 2382 493 2445 minimo
508 2384 625 2467 credis,
637 2403 748 2467 avare,
768 2384 885 2450 minus

276 2570 781 2684 rnssurnnvm

220 2753 282 2804 ,ne
309 2749 572 2803 rusr1rone
598 2749 652 2800 er
679 2747 832 2805 nsrso.
936 2722 938 2726 ’

60 2872 164 2986 Dru
179 2918 249 2980 fora
260 2916 395 2982 festinus
405 2919 498 2982 lucro
516 2913 613 2998 petit,
630 2915 728 2980 instat
737 2914 847 2981 Asello

98 3028 241 3109 Institor,
257 3037 288 3090 et
300 3047 446 3109 pressum
461 3026 628 3108 pondere,
638 3025 722 3087 fuste
732 3023 862 3107 premit.

64 3131 118 3195 llle
130 3155 240 3198 necem
254 3146 379 3218 sperat,
398 3154 478 3197 nece
493 3131 703 3215 promittente
719 3133 879 3216 quietem

102 3243 158 3304 Sed
168 3265 247 3310 nece
264 3246 441 3328 completa,
460 3243 572 3307 vivere
584 3261 690 3325 poena
703 3241 817 3324 potest.

68 3351 142 3414 Nam
154 3329 426 3446 cumpetisset,
445 3365 477 3418 et
490 3364 649 3437 tympana
662 3355 770 3436 pulsat
782 3354 900 3437 Arelli,
979 3355 996 3417 ὁ
1015 3359 1016 3362 ’

105 3464 161 3528 Hic
174 3469 325 3549 lassatur,
336 3478 367 3530 et
379 3472 459 3532 haec
469 3469 563 3551 pulsa
577 3475 708 3528 tonante
719 3484 830 3528 manu.

72 3569 127 3630 Cui
142 3589 195 3632 sua
207 3571 272 3632 rita
289 3581 525 3660 nocetpcaveat
536 3571 600 3634 sihi
615 3591 768 3652 rumpere
779 3565 901 3632 ritem:

72 3729 73 3732 ,
107 3678 172 3742 Non
185 3698 283 3762 nece,
300 3679 364 3743 sed'
372 3678 481 3742 meriti
495 3678 569 3752 iure
581 3679 717 3759 quiescit
727 3681 837 3750 nomo.
