2916 4790
408 670 1153 808 ·PHAennr

533 919 537 926 '
600 915 787 972 AUGUSTI
809 914 977 968 LIBERTI

338 1049 765 1206 unumunurn
794 1093 1241 1202 Aesonnuun

402 1303 404 1308 ’
491 1448 507 1475 ῃ
547 1338 731 1412 muru
763 1329 1043 1410 rnnrrus

676 1568 907 1584 ψ

333 1769 336 1774 ,
403 1709 716 1784 PROLOGUS
742 1712 817 1831 tiD
849 1705 1181 1783 EUTYCHUM.

321 1849 492 1963 Puteum
510 1898 639 1964 libellos
656 1887 763 1986 legere
776 1895 804 1962 si
822 1896 1000 1980 desideras,

285 2011 287 2016 '
320 1999 756 2104 Vacesoportet,Eutyche,
777 2025 797 2066 a
811 2001 967 2090 negotiis,

320 2106 364 2171 Ut
382 2109 467 2174 liber
482 2112 612 2174 animus
624 2111 741 2174 sentiat
756 2109 831 2171 vim.
840 2107 1003 2174 carminis·
1052 2101 1054 2110 ’

220 2209 222 2213 ’
321 2215 464 2297 Verum,
475 2214 603 2296 inquis,
619 2214 702 2278 tanti
714 2235 782 2278 non
794 2225 839 2278 est
853 2213 1023 2301 ingenium
1036 2219 1143 2296 tuum,

249 2329 251 2333 “
320 2322 526 2390 Momentum
546 2329 583 2383 ut
597 2319 697 2382 home
713 2329 824 2403 percat
841 2317 954 2383 officiis
968 2317 1057 2382 meis.
1253 2316 1271 2378 i

320 2426 394 2486 Nou
407 2444 487 2510 ergo
497 2435 650 2488 causaest
666 2413 818 2490 manibus
825 2424 866 2488 -id
882 2425 973 2511 tangi
990 2425 1067 2509 tuis,
1156 2415 1167 2434 ¹

320 2515 418 2610 Quod
431 2527 597 2611 occupatis
607 2528 742 2593 nuribus
755 2549 824 2593 non
843 2529 1006 2606 convenit.
1061 2539 1064 2550 ’
1164 2523 1167 2532 ’

319 2632 465 2718 Fortasse
476 2629 579 2695 dices:
600 2631 737 2713 Aliquae
753 2633 886 2696 venient
902 2633 1020 2714 feriae,

203 2794 219 2830 :¹
321 2734 414 2816 Quae
427 2755 480 2798 me
491 2737 600 2799 soluto
615 2746 747 2819 pectore
763 2739 806 2800 ad
822 2737 968 2800 studium
980 2743 1111 2800 vocent.

271 2899 274 2906 t
321 2839 484 2924 legesne,
498 2855 637 2921 quaeso,
650 2842 759 2924 potius
773 2844 856 2906 viles·
874 2843 1026 2925 naenias,
1235 2855 1274 2902 ¹⁰

316 2941 497 3027 'Impendas
509 2965 622 3008 curam
637 2966 736 3026 quam
749 2947 798 3010 rei
816 2948 1030 3031 domesticae,

321 3047 452 3113 Reddas
465 3047 758 3133 amicistempora,
774 3050 871 3113 uxori
887 3071 998 3134 vaces,

322 3147 478 3214 Animum
493 3157 619 3220 relaxes
624 3155 754 3238 ,otium
767 3159 823 3222 des
838 3157 985 3240 corpori,

320 3255 353 3315 ·U
357 3265 367 3316 t
380 3255 548 3330 adsuetam
565 3259 681 3324 fortius
699 3271 841 3344 praestes
857 3261 989 3325 vicem?

301 3426 307 3430 ,
322 3362 519 3424 Mutandum
537 3363 598 3426 tibi
612 3367 817 3449 propositum
830 3381 877 3433 est
892 3379 924 3433 et
940 3363 1029 3433 vitae'
1042 3387 1164 3457 genus,
1236 3365 1274 3427 15

230 3511 232 3524 ,
321 3469 450 3532 Intrare
463 3467 677 3566 siuMusnrurit
686 3474 796 3564 iimen
810 3476 941 3563 cogitas.

324 3577 416 3662 Ego,
427 3595 525 3656 quem
538 3575 646 3640 Pierio
665 3590 767 3642 mater
779 3580 881 3644 'enixa
898 3591 945 3646 est
959 3581 1060 3669 iugo,

324 3685 365 3748 In
381 3704 447 3765 quo
466 3685 592 3748 tonanti
603 3696 713 3750 sancta
726 3689 942 3772 Mnemosyne
957 3687 1044 3769 Iovi,

326 3793 480 3858 Fecunda
490 3792 619 3874 novies,
640 3791 761 3856 artium
777 3793 903 3877 peperit
920 3795 1072 3872 chorum;
