2848 4792
306 423 612 490 FABULARUM
631 419 966 483 AESOPIARUM.
1073 417 1110 495 73

315 716 318 725 ‚
370 661 848 736 rABULA1x.

289 813 387 898 uus
413 837 632 894 unnnuus
651 793 717 886 ¹er
742 797 994 888 nusrrcus.¹

159 963 222 1076 H
224 1007 348 1074 osrirro
360 1009 526 1090 quondam
542 1007 616 1068 Mus
629 1003 773 1064 urbanus
786 1000 899 1064 rustici

159 1117 341 1197 Exceptus,
357 1115 417 1176 vili
434 1114 554 1200 glande
571 1121 684 1172 coenat
697 1109 730 1170 in
744 1130 834 1172 cavo.
924 1123 931 1150 ¹

158 1220 296 1284 Induxit
306 1221 456 1302 precibus
466 1229 555 1302 post,
573 1225 609 1278 ut
623 1219 738 1280 urbem
754 1217 892 1279 rusticus
916 1225 919 1231 '

158 1327 352 1404 Cellarnque
365 1325 500 1386 intraret
515 1318 645 1405 plenaln
663 1322 759 1383 rebus
775 1321 914 1403 optimis.

155 1434 200 1494 In
218 1435 377 1512 quadum
392 1431 488 1492 variis
501 1429 713 1512 perfruuntur
729 1428 894 1510 reliquiis,
1090 1427 1107 1488 5

154 1537 308 1617 Impulso
320 1535 409 1596 venit
425 1533 508 1596 ostio
524 1529 683 1594 cellarius.

153 1647 235 1728 Quo
253 1663 361 1704 mures
375 1637 553 1728 diffugiunt
567 1638 704 1720 strepitu
719 1636 900 1720 perterriti,

151 1753 197 1811 Et
211 1747 294 1810 notis
308 1747 404 1810 facile
419 1749 564 1810 urbanus
574 1763 608 1806 se
620 1743 731 1806 condit
744 1743 847 1819 eavis;

151 1853 200 1910 At
215 1849 313 1910 miser
325 1849 436 1933 ignola
451 1847 616 1928 trepidans
634 1845 771 1906 rusticus
783 1847 898 1923 domo,

153 1947 358 2026 Timensque
370 1956 524 2025 mortem,
538 1965 597 2026 per
609 1941 748 2025 parietes
768 1945 909 2006 cursitat.
1069 1963 1108 2009 ro
1191 1937 1194 1946 ’

154 2041 219 2128 l'Jt,
236 2071 321 2129 quae
334 2049 482 2129 volebat,
497 2048 625 2111 sustulit
643 2047 810 2128 cellarius,

156 2153 346 2232 Clausitque
357 2155 476 2234 limen,
491 2153 610 2215 iterum
629 2155 775 2214 urbanus
788 2149 946 2214 rusticum

156 2261 328 2320 Hortatur.
342 2259 401 2320 llle
412 2258 608 2340 perturbatis
624 2258 770 2346 sensibus
847 2273 852 2280 ·

156 2361 240 2440 Vix,
257 2361 381 2441 inquit,
399 2383 529 2444 possum
540 2361 655 2444 capere
667 2385 745 2446 prae
758 2372 844 2424 metu
858 2361 977 2424 cibum.

43 2466 45 2470 ’
157 2467 316 2541 Putasne,
332 2462 441 2524 veniet
450 2462 529 2524 ille?
547 2461 636 2545 Quid
650 2473 773 2524 tantum
786 2462 900 2522 times?
1071 2453 1107 2518 15

157 2566 312 2626 Urbanus
324 2564 447 2645 inquil:
463 2585 538 2651 age,
553 2567 702 2628 fruamur
714 2566 862 2645 ferculis,

156 2670 252 2750 Quae
262 2668 379 2731 frustra
391 2690 468 2732 rure
485 2691 633 2752 quaeras.
653 2675 773 2734 Contra
786 2674 940 2736 rusticus:
1046 2661 1048 2666 ’
1090 2732 1093 2740 ,

153 2775 224 2852 Tu,
237 2773 294 2853 qui
306 2774 419 2838 timere
439 2777 558 2858 nescis,
570 2777 679 2840 fruere
695 2777 746 2839 his
761 2776 932 2856 omnibus;
979 2833 983 2836 .

95 2889 101 2894 '
152 2861 202 2938 At*
217 2899 270 2938 me
282 2895 433 2940 securum
449 2893 558 2962 pascat
570 2884 664 2967 glans
677 2893 706 2943 et
720 2882 873 2944 liberum.

196 2981 236 3042 In
251 2991 441 3063 paupertate
459 2993 563 3046 tutum
579 2995 719 3066 praestat
735 2984 862 3066 vivere,

152 3087 265 3169 Quam
278 3084 470 3150 divitiarum
483 3087 574 3172 carpi
585 3069 816 3152 sollicitudine.

430 3284 459 3355 F
482 3285 515 3355 A
539 3285 568 3356 B
593 3287 624 3356 U
649 3287 679 3356 L
703 3287 735 3357 A
784 3285 829 3356 X.

281 3407 451 3511 Asinos
478 3405 981 3516 oon1uoiausun1an's.

156 3557 340 3668 Bcnuornr
354 3605 488 3669 domino
498 3611 623 3674 Asellus
637 3618 673 3673 ut
688 3611 771 3673 vidit
786 3632 846 3675 suo
862 3633 867 3647 ‘

129 3726 132 3733 ¹
149 3705 295 3788 Canem,
309 3713 391 3773 etde
403 3705 512 3775 mensa
526 3717 663 3777 saturari
681 3717 842 3797 quotidie,

57 3813 60 3818 ’
149 3811 193 3874 Et
206 3813 308 3878 frusta
319 3816 454 3903 largiter
467 3817 579 3881 iactari
589 3841 609 3882 a
620 3821 761 3904 familia,
