2848 4792
440 451 758 518 FABULAE.
899 421 901 428 ’
1032 481 1071 546 n

119 598 226 662 Multa
235 596 367 678 quidem
379 595 523 678 monuit,
537 605 645 661 tamen
654 573 736 659 haec
745 615 877 678 quoque
888 599 1031 664 maxima

177 713 181 790 j
491 764 496 774 ,
647 701 755 782 iussit,
1082 679 1088 691 Ι

162 809 256 892 Quae
273 805 393 870 misero
407 824 535 887 semper
549 816 625 868 sunt
635 806 783 868 facienda
799 807 899 874 mihi:

121 911 151 974 N
154 933 172 976 e
183 910 278 974 facile
292 910 423 975 alterius
437 923 563 995 repetas
578 911 756 994 consortia,
773 912 870 998 dixit,
882 931 884 936 ·
926 955 928 964 ,

163 1019 288 1082 Rursus
305 1021 346 1080 ab
360 1017 474 1084 insana
492 1038 535 1080 ne
551 1019 679 1102 capiare
697 1017 773 1081 fera.

397 1233 702 1307 FABULA
751 1234 824 1308 Χ.Α

516 1423 679 1502 equas.

123 1548 278 1661 Cervus
291 1595 410 1678 Eques,
425 1594 524 1678 capiti
537 1594 650 1682 solitus
663 1595 803 1683 religare
821 1595 969 1682 capillos,

162 1701 268 1779 Atque
285 1700 365 1766 alias
380 1704 471 1765 nudo
488 1702 610 1765 vertice
626 1702 712 1764 ferre
729 1721 855 1784 comae,

122 1805 174 1866 Ad
186 1788 339 1900 cantpuin¹
352 1807 465 1869 nitidis
479 1807 569 1870 venit
586 1821 775 1890 conspectus
790 1807 950 1892 inarmis,

164 1909 203 1967 Et
217 1909 347 1970 facilem
359 1907 460 1970 frenis
470 1909 597 1971 flectere
610 1907 718 1990 coepit
729 1930 860 1988 equum.

123 2008 229 2072 Huius
243 2012 285 2072 ab
300 2013 436 2074 adverso
447 2015 567 2075 Boreae
579 2011 758 2094 spiramina
767 2015 921 2098 perflant,
1056 2016 1074 2080 b

164 2117 354 2180 Ridiculum
366 2120 490 2200 populo
505 2119 728 2202 conspiciente
745 2130 855 2202 caput:
938 2161 941 2170 ·

124 2223 206 2282 Nam
218 2241 294 2283 mox
310 2222 436 2286 deiecto
453 2223 551 2287 nituit
568 2225 658 2289 frons
672 2226 761 2287 nuda
774 2226 903 2312 galero,

164 2329 314 2394 Discolor
327 2329 474 2412 apposita
491 2350 575 2411 quae
592 2331 655 2394 fuit
669 2343 749 2394 ante
759 2351 865 2394 coma.
903 2329 905 2344 '

123 2437 184 2500 Ille
195 2455 311 2522 sagax,
333 2435 428 2498 tactis
444 2455 519 2496 cum
535 2435 618 2497 risus
633 2435 780 2499 millibus
794 2443 893 2520 esset,

163 2543 295 2610 Distulit
311 2547 442 2607 admota
458 2543 635 2607 calliditate
650 2543 775 2607 iocum:
1036 2567 1074 2609 ιο

125 2649 214 2734 'Quid
228 2648 348 2710 mirum
365 2648 500 2730 positos,
514 2647 674 2728 referens,
685 2646 806 2731 fugisse
819 2647 967 2732 capillos,

163 2753 270 2836 Quem
283 2751 375 2833 prius
389 2763 572 2830 aequaevae
589 2751 760 2812 deseruere
774 2751 908 2812 comae?

123 2853 276 2922 Ridiculo
296 2852 451 2936 cuiquam
465 2873 539 2914 curn
554 2852 609 2936 sis,
630 2854 800 2918 absolvere
814 2860 913 2916 temet

135 3049 137 3054 ι
164 2960 323 3046 Opposita
335 2959 407 3026 veri
424 2981 498 3024 cum
511 2959 639 3024 ratione
651 2964 753 3025 stude.

385 3174 809 3288 rnulunnxr.

300 3363 421 3416 orna
447 3317 607 3416 renes
634 3357 690 3416 er
715 3363 885 3430 suren.

124 3483 328 3601 Anarrrnus
343 3532 487 3613 geminas
501 3532 579 3614 ripis
597 3534 785 3600 cedentibus
797 3536 894 3620 ollas,

162 3633 287 3697 Insanis
302 3635 423 3716 pariter
439 3640 560 3710 flumen
570 3641 690 3724 agebat
703 3642 808 3720 aquis.
828 3722 833 3731 Ι

123 3737 185 3800 Sed
196 3736 324 3800 diiersa
338 3739 416 3801 duas
430 3756 481 3802 ars
492 3750 524 3802 et
532 3751 654 3803 natura
662 3743 806 3824 creavit,

161 3845 245 3917 Aere
260 3845 352 3928 prior
367 3843 438 3918 lusa
451 3855 511 3932 est,
527 3847 627 3917 altera
638 3845 713 3916 ficta
723 3849 803 3914 luto.
867 3863 886 3924 ἡ
