2750 4782
386 371 443 433 ret
676 361 875 428 'PUBLII
905 349 1039 442 ,stul
1203 382 1245 423 v.
1267 363 1333 442 7⁰5·

383 507 519 590 Semper
529 483 759 590 metuendum,
775 498 937 584 quidquid
949 499 1045 564 irasci
1060 507 1195 582 potest.

383 615 519 696 Semper
531 617 606 696 plus
617 609 734 676 metuit
744 609 875 673 enimus
889 608 1038 694 ignotum
1050 611 1208 672 malum.

384 717 519 798 Semper
533 717 695 780 redundat
706 712 777 798 ipse
789 711 827 778 in
842 723 989 776 auctores
1005 711 1117 774 tirnor.

385 819 518 896 Sensus,
537 839 605 882 non
620 828 723 898 aetas,
738 815 865 882 invenit
879 816 1085 901 sapientiam.

385 925 426 986 Se
435 945 529 1007 posse
536 927 612 1008 plus
623 923 741 1004 iratus,
754 943 853 1005 quam
867 923 980 1007 possit,
998 931 1107 1008 putat..

387 1033 467 1094 Sero
478 1042 523 1096 est
539 1032 574 1095 in
593 1031 749 1115 perieulis
762 1031 935 1100 eonsilium
950 1021 1118 1114 quaerere.

386 1135 456 1198 Sibi
467 1137 529 1220 ipsi
542 1139 734 1222 improbitas
748 1138 834 1224 eogit
843 1136 916 1201 fieri
930 1138 1097 1202 iniuriam.

336 1321 340 1334 Ι
386 1239 457 1302 Sibi
473 1239 538 1324 ipsi
553 1245 610 1304 dat
626 1241 839 1324 supplicium,
855 1261 955 1323 quem
971 1238 1105 1304 admissi
1117 1241 1249 1322 pudet.

383 1347 455 1409 sthi
466 1348 611 1430 primum
622 1347 781 1412 auxilium
793 1347 920 1432 eripere
926 1393 936 1428 ,
957 1357 1004 1410 est
1015 1349 1105 1433 leges
1123 1350 1266 1414 tollere.

387 1450 421 1512 Si
435 1451 482 1512 nil
500 1451 581 1514 velis
598 1451 730 1540 timere,
749 1464 874 1516 metuas
888 1450 1010 1516 omnia.

386 1552 549 1616 Sociusfit
560 1557 692 1638 eulpae,
711 1556 770 1637 qui
782 1567 951 1622 nocentem
967 1554 1130 1618 sublevet.

386 1654 545 1718 Solarium
561 1659 687 1742 grande
698 1667 761 1737 est,
780 1680 858 1722 oum
875 1659 1027 1723 universo
1038 1676 1105 1720 una
1118 1657 1209 1740 rapi.

384 1760 475 1823 Solet
486 1781 554 1824 esse
563 1760 720 1852 indubiis
737 1783 800 1845 pro
814 1763 952 1828 consilio
964 1760 1137 1826 temeritas.

386 1865 475 1928 Solet
486 1869 584 1949 hore,
596 1853 686 1949 quod
697 1865 791 1930 multi
802 1867 881 1930 anni
892 1865 1097 1944 abstulerint,
1117 1867 1274 1931 reddere.

389 1953 477 2034 Solu
487 1971 580 2052 sequi
595 1974 682 2050 laus,
697 1993 772 2036 eum
784 1971 872 2034 riam
884 1971 961 2036 fecit
975 1971 1081 2035 labor.

390 2073 561 2139 Sordidius
575 2080 680 2138 multo
693 2076 849 2157 vivimus,
870 2095 970 2157 quam
985 2074 1164 2138 nascimur.
1284 2092 1315 2150 ps
1328 2128 1335 2146 ,,

388 2180 468 2261 Spes
481 2190 527 2244 eet
535 2181 666 2262 salutis,
682 2181 741 2243 ubi
751 2179 920 2244 hominem
930 2179 1081 2264 obiurgat
1094 2181 1219 2261 pudor.

390 2285 469 2366 Spes
482 2285 630 2366 inopem,
641 2305 693 2348 res
701 2291 854 2367 avarunt,
870 2305 958 2349 mors
973 2285 1128 2348 miserum
1145 2287 1251 2347 levat.

390 2389 490 2469 Spina
501 2389 598 2452 etiam
612 2400 704 2478 grata
716 2383 780 2470 est,
794 2413 835 2456 ex
848 2395 914 2473 que
923 2400 1086 2474 spectatur
1098 2409 1186 2468 rosa.

389 2492 531 2558 Stultitia
545 2506 591 2560 est
604 2495 775 2574 insectari,
792 2516 891 2576 quem
904 2514 1018 2557 omnes
1029 2492 1187 2577 diligunt.

389 2598 552 2664 Stultitiae
563 2611 690 2684 partem
706 2601 872 2662 interdum
886 2599 985 2662 babet
1001 2595 1149 2682 felicitas.

331 2723 334 2738 ·
384 2699 811 2782 'Stultitimentfortunam,
829 2701 991 2785 sapientes
1004 2703 1123 2765 ferunt.

390 2804 531 2866 Stultum
542 2813 603 2887 est,
620 2807 724 2868 alium
740 2807 826 2869 velle
840 2806 955 2869 ulcisci·
967 2825 1073 2889 poena
1082 2827 1152 2869 sua.

390 2905 531 2968 Stultum
548 2915 611 2991 est,
625 2907 721 2990 queri
735 2911 777 2974 de
789 2911 948 2992 adversis,
960 2911 1019 2974 uhi
1029 2915 1124 2994 culpa
1136 2920 1184 2976 est
1201 2923 1267 2978 tua.

389 3013 530 3076 Stultum
540 3023 606 3097 est,
624 3015 756 3096 timere,
768 3011 858 3096 quod
868 3015 966 3080 vitari
976 3037 1043 3080 non
1058 3027 1173 3100 potest.

389 3115 531 3182 Stultum
541 3129 604 3202 est,
620 3119 767 3185 vicinum
776 3121 864 3183 velle
878 3119 993 3184 ulcisci
1005 3119 1171 3184 incendio.

389 3220 532 3282 Stultum
545 3221 623 3286 facit
633 3223 780 3300 fortuna,
793 3243 891 3303 quem
908 3226 979 3286 vult
994 3221 1140 3307 perdere.

390 3325 551 3411 Stultum,
563 3318 728 3413 imperare
746 3329 899 3410 reliquis,
919 3330 977 3412 qui
993 3329 1093 3392 nescit
1109 3328 1185 3392 sibi.

392 3429 535 3494 Suadere
551 3431 707 3496 benevoli
719 3445 767 3496 est
774 3434 934 3518 primum,
949 3433 1025 3496 dein
1039 3431 1211 3519 corrigere.

390 3532 560 3598 Submittit
573 3553 626 3618 se,
644 3556 728 3617 quae
743 3559 777 3600 se
790 3539 901 3627 erigit,
916 3539 1064 3614 felicitas.
1159 3537 1162 3540 ’

342 3711 344 3716 ,
391 3640 463 3706 Suis
473 3632 534 3725 qui
548 3643 650 3708 nescit
660 3657 816 3726 paremur,
832 3643 975 3709 inimicis
991 3646 1088 3732 favet.
1143 3665 1146 3670 ·

392 3751 608 3818 Summissum
618 3752 793 3836 imperium
808 3774 875 3817 non
890 3761 978 3820 tenet
996 3753 1080 3816 vires
1097 3771 1180 3816 suas.
