2848 4792
483 201 492 232 1

272 387 577 499 utrumnum
598 417 934 485 Ansoernnun.

131 583 253 644 Saxum
265 581 325 658 da,
343 576 479 650 clamat,
498 588 564 649 quo
579 565 692 629 feriam
706 565 844 644 Gruem,
858 581 950 651 puer.
1032 635 1039 648 ,

134 681 258 744 Cornix
273 689 308 740 ut
325 675 434 755 audit,
450 672 541 735 illico
562 677 674 730 monet
692 669 836 744 Gruem,
856 678 861 686 ’

133 784 202 848 Sibi
216 803 300 864 quae
316 779 412 843 cavit.
429 777 502 838 Alia
516 774 594 838 dein
610 773 666 836 die
682 769 817 836 audiens

135 889 258 953 Cornix
269 895 432 970 petentem
443 903 574 958 saxum
597 898 707 942 rursus
721 877 907 937 commonet

136 997 277 1074 Gruem,
292 1003 327 1054 ut
343 991 460 1054 vitaret
470 991 584 1052 sedulo
602 975 796 1067 perieulum.

137 1102 240 1162 Avem
258 1095 405 1157 divinam
422 1092 602 1175 suspicatus
616 1086 766 1150 Rusticus

137 1199 260 1263 Audire
269 1199 372 1278 iussa,
391 1216 512 1278 puero,
524 1193 574 1274 si,
588 1190 709 1270 inquit,
723 1187 856 1266 dixero,

139 1300 248 1366 Offam
261 1305 319 1383 da,
332 1313 366 1362 tu
379 1297 461 1361 mihi
474 1300 557 1360 clam
575 1293 720 1376 lapidem
739 1289 883 1377 porrige.

83 1399 91 1412 ’
138 1411 224 1470 Grus
235 1406 341 1485 venit,
359 1405 417 1466 ille
433 1422 571 1485 puerum
586 1393 685 1460 offam
703 1396 793 1457 iubet
807 1397 901 1468 dare,

135 1521 177 1580 Al
189 1517 247 1578 ille
261 1514 423 1596 lapidem,
436 1527 502 1591 quo
514 1508 588 1572 ferit
600 1510 739 1585 Gruem,
758 1503 867 1582 dedit,

135 1621 176 1680 Et
187 1607 281 1681 crura
295 1616 401 1702 fregit.
424 1617 621 1702 Vulneratus
635 1613 720 1673 Grus
730 1609 793 1670 ait:

134 1720 260 1783 Divina
273 1718 413 1796 Cornix,
430 1717 489 1778 ubi
505 1735 595 1778 nunc
612 1711 756 1794 auspicia
773 1709 852 1770 tua?

138 1827 208 1884 Cur
219 1841 288 1882 non
305 1839 440 1882 monere
458 1818 601 1894 socium,
621 1829 655 1876 ut
672 1803 851 1886 iuraveras‚

67 1960 74 1973 x
138 1923 342 2005 Properasti,
364 1922 428 2000 tale
440 1940 483 1980 ne
494 1919 577 1980 mihi
595 1917 721 1978 veniret
735 1911 898 1976 maluml‘

139 2023 323 2106 Respondit
341 2021 413 2102 illa,
428 2023 501 2082 Non
515 2029 659 2082 meretur
670 2036 722 2078 ars
736 2036 808 2076 mea

140 2127 294 2211 Culpari,
307 2129 364 2192 sed
377 2128 489 2189 dolosa
504 2136 580 2188 sunt
596 2122 795 2208 bilinguium

142 2231 377 2320 Consilinum
389 2230 481 2292 aliud
492 2230 620 2308 dicunt,
638 2240 734 2308 atque
749 2225 840 2286 aliud
855 2227 966 2306 agunt.

95 2397 98 2402 .
185 2338 353 2402 Promissis
370 2338 494 2398 ducunt
510 2335 569 2416 qui
585 2332 755 2415 imperitos
767 2327 930 2407 subdolis,

143 2451 224 2511 Mox
239 2444 321 2512 fictis
335 2443 439 2506 causis
453 2444 544 2503 haud
559 2439 716 2504 desistunt
730 2438 854 2499 ludere.
938 2412 941 2420 ⁴

384 2631 845 2737 rnnonnxn.

387 2812 507 2868 Aves
534 2811 592 2863 nr
618 2807 849 2874 nruouno.

142 2937 261 3050 Aves
275 2977 310 3039 in
321 2997 426 3039 unum
439 2997 513 3039 cum
529 2973 734 3037 devenissent
749 2973 876 3052 locum,
907 2967 911 2982 ⁸

35 3123 38 3128 ·
141 3081 309 3147 Viderunt
324 3077 494 3141 hominem
505 3077 721 3142 seminantem
733 3075 839 3139 linum
857 3093 947 3160 agro.

143 3189 246 3272 Quod
257 3195 293 3249 ut
304 3205 365 3268 pro
381 3183 486 3247 nihilo
496 3185 617 3246 habere
627 3180 780 3242 Hirundo
796 3177 964 3266 intelligit,

145 3293 199 3356 Sic
216 3300 409 3356 convocatas
426 3291 568 3354 allocuta
582 3288 736 3351 traditur:

146 3401 236 3462 Hinc
253 3400 345 3462 nobis
357 3401 456 3462 instat
467 3397 620 3462 omnibus
639 3378 841 3480 perieulum,

148 3503 183 3567 Si
197 3525 311 3570 semen¹
320 3507 362 3565 ad
376 3505 598 3567 maturitatem
614 3503 750 3566 venerit.

149 3609 234 3668 Ares
252 3606 361 3667 riseret
377 3605 580 3694 Gerprinavit
592 3617 631 3668 ut
642 3627 719 3668 vero
735 3625 843 3689 seges,

150 3710 303 3774 Hirundo
322 3733 450 3790 rursus,
464 3713 564 3780 Instat
581 3712 756 3793 pernicies,
775 3711 838 3769 ait:
868 3709 870 3714 '

149 3816 284 3899 Adeste,
301 3835 437 3902 germen
455 3834 605 3880 eruamus
620 3813 776 3892 noxium,
