2750 4782
264 449 269 460 ·
337 423 712 490 SENTENTIAE.
750 425 866 490 mdia.
955 427 1058 534 raa·

23 595 24 598 ¹
36 574 112 635 Per
125 591 219 654 quae
230 571 274 636 sis
285 578 386 652 tutus,
403 571 462 658 illa
477 588 608 653 semper
620 569 751 657 cogites.

39 675 213 758 Plerique
229 685 317 738 metu
335 673 433 754 boni,
453 693 521 738 non
536 673 736 736 innocentia.
793 735 795 744 Α

38 783 170 844 Plures
185 782 264 868 tegit
274 783 435 859 Fortuna,
449 793 548 860 quam
564 788 648 842 tutos
663 779 753 841 facit.
855 809 860 814 ·

39 887 129 948 Plus
147 897 199 949 est
216 905 316 968 quam
330 905 453 967 poena,
467 885 608 946 iniuriae
622 885 846 946 succumbere.

21 967 25 1004 ³
40 991 128 1051 Plus
144 1001 196 1053 est
207 999 306 1072 qua'm
321 1011 446 1074 poena,
463 992 533 1054 sine
549 1013 584 1054 re
599 991 755 1054 miserum
769 989 892 1052 rivere.

41 1097 166 1156 Poena
178 1097 222 1156 ad
235 1097 361 1158 malum
371 1115 516 1178 serpens,
537 1105 574 1156 ut
588 1103 751 1178 proterat,
766 1092 869 1156 venit.

19 1285 20 1290 ἵ
44 1205 167 1267 Poena
179 1206 342 1268 allevatur
357 1215 449 1286 tunc,
463 1207 520 1270 ubi
536 1207 664 1268 laxatur
676 1206 780 1267 dolor.

19 1305 22 1322 '
44 1309 203 1370 Poenam
215 1318 363 1371 moratur
372 1307 559 1394 improbus,
581 1329 649 1372 non
665 1306 829 1391 praeterit.

45 1415 177 1496 Populi
190 1426 237 1478 est
247 1415 468 1498 mancipium,
488 1416 635 1497 quisquis
645 1413 774 1497 patriae
790 1419 837 1476 est
851 1407 949 1475 utilis·

33 1520 129 1609 'Post
143 1520 362 1582 calamitatem
376 1523 551 1602 memoria,
568 1523 634 1585 alia
650 1531 698 1586 est
716 1518 892 1584 calamitas.

46 1625 174 1687 Potens
187 1625 371 1692 misericors
387 1629 522 1712 publica
538 1640 587 1692 cst
601 1629 749 1692 felicitas.
800 1623 804 1630 '

48 1727 314 1810 Potenti'irasci,
325 1729 390 1791 sihi
405 1731 589 1814 periculum
607 1741 654 1794 est
669 1751 836 1812 quaerere.
891 1729 892 1732 '

50 1831 166 1892 Potest
180 1851 247 1893 non
258 1851 326 1894 esse
336 1833 527 1913 honestum,
544 1837 634 1914 quod
648 1855 716 1896 non
729 1834 870 1898 liberum
884 1841 949 1902 est.

52 1933 212 1994 Praesens
224 1944 271 1994 est
284 1953 429 2018 semper,
447 1935 505 2014 qui
520 1939 635 1997 absens
648 1935 747 1996 etiam
759 1935 939 1998 ulciscitur.
1017 1949 1020 1954 “

54 2034 153 2097 Prius
169 2055 308 2122 negare,
324 2044 397 2118 post
407 2033 535 2116 fecisse,
556 2035 670 2097 fallere
683 2047 739 2098 est.

55 2137 167 2198 Probo
183 2137 272 2198 bona
288 2135 376 2198 fama
390 2132 533 2197 maxima
552 2145 599 2197 est
611 2133 783 2202 hereditas.
952 2135 1015 2215 567·

56 2243 159 2304 Probi
169 2242 289 2312 delicta
300 2241 399 2306 iudex
415 2244 526 2328 legens
545 2241 672 2307 deterit.

38 2431 41 2436 ἱ
57 2349 167 2412 Probo
184 2347 381 2412 heneficium
395 2347 452 2428 qui
463 2350 533 2430 dat,
554 2369 595 2410 ex
607 2358 699 2431 parte
711 2346 842 2432 accipit.

57 2452 183 2518 Probus
193 2453 328 2518 libertus
340 2454 414 2517 sine¹
429 2459 547 2516 natura
561 2462 607 2516 est
620 2449 718 2516 filius.

58 2557 212 2622 Prodesse
227 2558 383 2640 quivult,
399 2579 460 2620 uec
468 2566 588 2640 potest,
603 2575 707 2636 aeque
719 2565 766 2617 est
779 2553 888 2616 miser.

58 2661 206 2743 Prodest,
219 2663 409 2744 quicunque
417 2667 531 2728 obesse
543 2684 611 2728 non
623 2665 709 2744 vult,
726 2685 801 2726 cum
812 2671 926 2746 potest.

59 2769 121 2829 Pro
132 2768 273 2832 dominis
287 2791 440 2852 peecare,
456 2770 557 2833 etiam
571 2769 700 2832 virtutis
714 2771 787 2830 loco
804 2779 862 2830 est.
879 2794 882 2804 ·
941 2820 943 2826 ,
1014 2849 1018 2858 ¹

60 2873 122 2931 Pro
134 2871 298 2935 medicina
307 2875 403 2936 dolor
414 2885 478 2955 est,
492 2875 641 2936 dolorem
653 2873 712 2954 qui
726 2882 829 2936 necat.
934 2953 936 2966 Ι

62 2977 163 3058 Prope
177 2987 224 3040 est
232 3022 242 3059 ,
257 2978 363 3042 libens
373 2989 409 3043 ut
419 2983 568 3060 damnet,
584 2979 641 3061 qni
654 2981 789 3044 dammi
800 2975 874 3041 cito.

63 3087 164 3168 Prope
174 3096 234 3169 est,
246 3106 315 3150 non
326 3106 429 3168 aeque
439 3098 477 3150 ut
487 3089 636 3168 damnet,
647 3085 705 3166 qui
714 3063 849 3148 «lamnis
858 3079 966 3146 nimis.

64 3193 237 3275 Properare
248 3192 285 3256 in
296 3193 491 3276 iudicando,
510 3203 558 3256 est
566 3191 693 3258 crunen
704 3204 869 3271 quaerere.

64 3295 244 3380 Prospicere
257 3295 294 3359 in
307 3317 388 3380 pace
405 3308 548 3382 oportet,
566 3299 647 3379 quid
664 3299 787 3360 bellurn
800 3295 902 3360 iuvet.

65 3399 213 3461 Prudenti
223 3402 341 3464 stultus
352 3399 451 3463 etiam
462 3401 622 3467 sermonis
635 3383 725 3466 iocus'
735 3413 792 3469 est..

43 3482 167 3563 'Pudor
182 3500 333 3567 dimissus
351 3525 522 3586 nunquam
537 3509 621 3570 redit
637 3509 672 3570 in
685 3509 835 3595 gratiam.

33 3592 41 3604 ⁸
66 3601 167 3666 Pudor
178 3605 291 3666 doceri
304 3626 371 3670 uon
384 3618 505 3692 potest,
524 3611 614 3686 nasci
627 3623 741 3694 potest.

67 3706 218 3770 Pudorem
233 3705 378 3771 alienum
395 3709 579 3793 quieripit,
596 3711 703 3794 perdit
716 3731 824 3774 suum.

67 3815 218 3876 Pudorem
228 3813 368 3898 habere,
386 3813 522 3882 servitus
534 3815 779 3896 quodammodo
796 3817 853 3880 est.
947 3825 950 3831 '
1023 3797 1028 3808 ⁴
