2750 4782
286 389 298 414 '
408 407 782 494 ΧΑΧυιΑΕ.Δ

322 603 625 710 rasura
674 552 796 674 L‘rx.

240 761 299 814 DE
326 762 513 812 IUDAEO
542 761 596 811 ET
625 756 885 810 PINGERNA

76 839 190 957 Faus
201 888 340 949 Iudaeus
350 906 446 969 opes
462 887 519 950 sed
530 903 613 945 onus
626 883 686 945 fert
694 891 826 965 pectore
837 902 960 947 marus
1045 859 1047 864 ι

126 987 219 1048 intus
230 985 339 1047 adurit
352 1007 425 1047 eum
439 1003 532 1062 eura,
554 984 719 1095 laborque
726 981 814 1044 foris

79 1083 175 1170 Ergo
189 1096 275 1148 metu
288 1082 418 1160 damni,
431 1083 493 1145 sibi
505 1101 639 1142 munere
651 1080 737 1166 regis
750 1099 900 1148 amorem

129 1188 266 1268 firmat,
284 1201 318 1248 ut
333 1197 465 1266 accepto
478 1185 624 1264 produce
639 1191 724 1244 tutus
740 1183 801 1242 e'at.

82 1287 211 1376 Regius
222 1280 313 1351 hunc
325 1287 481 1349 Pinceina
494 1283 589 1368 tegit,
604 1302 661 1344 cor
673 1279 763 1342 cuius
774 1274 884 1342 adurit
1020 1279 1036 1339 t

127 1393 211 1454 Auri
221 1394 294 1454 dira
310 1392 428 1469 famus,
442 1388 499 1468 qui
514 1395 607 1468 parat
626 1404 701 1447 ense
717 1381 817 1442 nefas.

84 1495 177 1558 Silva
189 1504 294 1578 patet,
307 1496 460 1555 subeunt.
479 1490 617 1548 ludaeos
630 1485 665 1546 in
678 1502 735 1544 ore
744 1477 906 1560 sequentis
951 1510 955 1515 v
982 1483 984 1488 “

128 1601 193 1658 Cor
203 1607 310 1659 notat:
327 1591 399 1678 Ipse
407 1613 540 1672 sequar,
556 1587 681 1670 inquit;
696 1586 795 1649 atille
809 1589 922 1666 negat,

82 1703 127 1763 ,Et
141 1701 288 1785 gladium
301 1700 446 1772 nudans,
460 1699 562 1755 Nemo
573 1691 669 1770 sciet,
686 1688 813 1770 inquit,
832 1683 942 1746 obito:

129 1805 190 1865 Ille
203 1803 318 1880 refert,
333 1801 442 1860 Scelus
456 1799 519 1856 hoc
529 1793 590 1856 ista
602 1794 755 1869 loquetur
770 1785 850 1848 avis.
1003 1800 1039 1842 ro

87 1902 220 1965 Prosilit
236 1921 254 1962 a
273 1903 373 1960 dumo
389 1894 526 1957 Perdix:
546 1895 631 1951 hanc
646 1886 754 1948 iudice
769 1883 885 1966 signat.

131 2004 221 2064 Alter
231 2001 294 2062 ait:
312 1999 422 2069 Scelus
436 1998 499 2054 hoc
516 1991 577 2054 ista
592 1992 744 2067 loquetur
761 1982 852 2042 avis?

90 2105 130 2166 Et
142 2103 227 2184 rapit
240 2123 317 2164 ense
329 2109 440 2180 capnt,
458 2104 490 2156 et
504 2111 580 2172 opes
595 2089 700 2164 metit,
712 2095 743 2146 et
757 2102 806 2144 sor
808 2084 870 2142 ohe
879 2081 976 2144 funus

133 2205 235 2265 Celat.
259 2200 334 2286 Agit
350 2193 468 2261 celeres
486 2208 591 2252 annus
603 2186 638 2248 in
656 2185 736 2244 orbe
754 2192 850 2241 rotas.
932 2245 935 2254 ¹

92 2285 242 2394 Perdices
252 2300 377 2366 domini
395 2314 515 2360 coenae
531 2293 645 2352 Pulcer
648 2304 689 2347 na
705 2283 881 2344 ministrat:
1003 2279 1038 2339 ro

133 2387 245 2487 Ridet,
265 2417 328 2468 eta
345 2401 408 2466 risu
429 2397 483 2460 vix
504 2391 680 2472 vacatipse
697 2406 766 2450 suo.
860 2397 863 2406 ·

94 2519 164 2579 Rex
181 2505 292 2575 audire
304 2531 342 2572 cu
346 2505 410 2589 pit:
426 2503 480 2564 hic
494 2495 601 2560 dill'ert
617 2495 726 2555 dicere
743 2507 883 2552 causam.

134 2619 183 2683 Fit
198 2619 305 2695 locus,
321 2612 418 2674 ambo
431 2607 561 2678 sedent
579 2599 632 2660 hic
649 2604 775 2672 movet,
793 2590 850 2650 ille
865 2585 971 2649 refert.

95 2727 164 2790 Rex
175 2723 279 2800 dolet,
297 2728 328 2780 et
344 2716 429 2777 laeto
445 2705 602 2768 mentitur
617 2697 737 2786 gaudia
752 2694 868 2769 vultu,

135 2821 233 2906 Regis
252 2812 427 2880 concilium
446 2805 683 2881 consiliumque
700 2797 799 2862 sedet.
1002 2804 1039 2848 ao

97 2922 289 2986 Pincernam
300 2913 405 2978 erucis
418 2930 485 2972 esse
495 2925 605 2982 reum,
622 2895 780 2964 sententia
795 2887 917 3006 prodit.

136 3023 223 3082 Crux
236 3013 331 3097 punit
342 2995 510 3081 meritum,
528 3003 598 3064 iure
611 3002 740 3062 favente
756 2991 855 3056 cruci.

89 3122 141 3211 „Ut
150 3115 291 3200 perimas
302 3126 521 3192 quemquam,
531 3103 657 3164 nullum
672 3095 730 3158 tibi
742 3090 874 3156 suadeat
889 3107 1025 3166 aurum3

136 3223 217 3324 Nam
229 3217 327 3278 decus
338 3221 369 3275 et
379 3208 481 3272 vitam
495 3209 616 3264 moesta
629 3195 743 3278 rapina
754 3189 848 3274 rapit.
924 3199 926 3204 ·

210 3387 213 3400 ’
241 3417 267 3460 4
344 3355 371 3425 F
389 3351 427 3422 Α
455 3350 483 3420 Β
508 3347 538 3420 U
565 3340 650 3415 LA
700 3337 787 3409 LX.

327 3489 388 3568 nr.
415 3511 526 3566 ctus
553 3508 607 3560 ΧΤ
634 3495 815 3556 ursus.

105 3601 239 3722 Crvrs,
253 3642 358 3719 Eques
368 3641 427 3730 sub
436 3657 513 3721 rege
523 3633 648 3720 vigent:
661 3625 716 3690 hic
728 3621 852 3707 proelia
862 3616 962 3704 regis,
1042 3693 1046 3702 1
1062 3589 1065 3596 ,

141 3744 203 3809 Hic
215 3743 379 3825 dispensat
388 3757 465 3820 opes
475 3734 551 3813 ·„hic
565 3730 632 3814 vir,
645 3739 678 3792 et
688 3725 745 3788 ille
757 3739 865 3786 senex.
