2916 4790
374 425 498 480 xcvm
562 373 1142 481 Notiumumaunurn

253 560 273 626 ’,
376 581 442 624 rum
465 560 670 624 Bibliothecae
697 556 953 637 Guelferbytanae
979 548 1148 634 Codicem,
1169 562 1329 650 Anonymi

374 655 488 718 fabulas
503 655 724 726 continentem,
736 652 918 712 duodecimo
930 651 1081 734 assignant
1095 653 1208 718 seculo.
1229 657 1327 735 Quae

375 752 432 813 sia
453 750 582 811 veritate
600 766 665 808 non
685 762 756 813 sunt
777 743 888 817 aliena,
905 744 1057 805 coniicere
1077 745 1169 821 licet,
1191 750 1326 827 Anony-

375 862 455 905 mum
466 842 503 902 ad
520 841 673 902 minimum
686 839 862 919 scriptorem
876 837 1102 899 esseundecimi
1116 840 1325 906 duodecimive

332 957 334 966 ·
353 958 357 966 ·
375 934 483 1010 seculi,
503 935 528 996 si
541 951 641 996 tamen
662 945 787 992 nonest
804 930 965 1011 antiquior.
983 927 1013 990 Si
1034 929 1198 994 Christium
1216 933 1325 994 audia-

375 1051 462 1106 mus,
480 1030 686 1108 Anonymus,
709 1026 774 1088 sive
795 1039 913 1105 spectes
935 1040 1015 1096 rem,
1039 1023 1105 1085 sive
1130 1025 1323 1102 orationem,

373 1127 503 1208 scriptor
524 1123 671 1208 putandus
689 1139 745 1190 est
743 1117 852 1185 seculo
872 1115 927 1178 IV.
951 1115 1030 1178 haud
1048 1115 1206 1197 indignus;
1227 1119 1325 1225 quid?

332 1289 335 1294 ,
373 1219 479 1302 quod
472 1237 527 1300 tpsr
518 1218 659 1280 'Aviano
673 1211 895 1277 anteferendus.
911 1210 959 1274 Sic
974 1210 1054 1272 enim
1070 1209 1191 1271 scribit:
1207 1211 1324 1272 tusci·

264 1377 266 1388 ,
372 1311 445 1376 licet
463 1325 534 1371 sunt
553 1308 730 1386 Anonymi,
758 1321 811 1366 aur
829 1301 967 1376 Romuli,
987 1315 1044 1363 aur
1067 1303 1151 1363 Accii
1170 1302 1323 1365 cuiusdam

371 1396 516 1474 nomine,
531 1399 637 1462 eodem
654 1397 792 1460 carminis
810 1412 937 1477 genere,
956 1413 1035 1476 quae
1049 1393 1105 1456 illis
1117 1440 1126 1469 ,
1140 1395 1285 1458 Avieno
1278 1415 1324 1458 tu·

372 1493 504 1575 scriptis,
521 1492 578 1574 nisi
592 1491 749 1563 meliores,
772 1487 928 1551 inferiores
948 1508 980 1550 re
997 1505 1087 1572 arque
1109 1490 1245 1550 oratione
1258 1509 1323 1552 non

372 1603 452 1647 sunt.
473 1582 604 1644 Licuerit
618 1581 738 1644 Perotto
752 1579 845 1642 libros
858 1579 982 1654 habere,
1000 1583 1032 1642 in
1048 1580 1156 1664 quibus
1170 1583 1225 1643 hae
1243 1602 1322 1664 quo-

373 1695 434 1759 que
450 1675 572 1738 Avieno
589 1675 749 1757 inscriptae
762 1690 886 1756 essent:
907 1675 959 1736 vel
976 1667 1093 1750 licuerit
1107 1674 1134 1736 ei
1150 1675 1193 1736 sic
1213 1676 1322 1759 opina-

373 1771 420 1845 ri,
437 1789 489 1833 aut
505 1770 637 1833 iudicare
647 1769 794 1852 denique,
816 1787 978 1850 utrasque,
994 1768 1044 1830 vel
1056 1767 1109 1832 has
1125 1769 1251 1832 maxime
1264 1773 1322 1834 sci·

372 1865 483 1938 tiores,
498 1863 607 1928 Avieni
624 1880 699 1926 esse.
707 1886 725 1918 ιι
740 1860 837 1943 Quod
857 1861 977 1944 quidem
989 1860 1113 1924 Christii
1132 1863 1171 1924 de
1188 1861 1323 1944 Anony-

371 1975 424 2020 nto
439 1956 580 2018 iudicium
598 1954 679 2017 haud
694 1953 843 2016 immerito
857 1955 965 2016 mirum
981 1972 1017 2017 ac
1035 1953 1133 2018 minus
1142 1958 1320 2018 rectum'vi-

363 2049 462 2118 detur
476 2049 639 2130 Lessingio.
661 2047 697 2109 ln
713 2048 862 2110 contraria
879 2048 974 2110 currit
989 2046 1157 2130 Scaliger,
1157 2048 1210 2130 qui
1230 2050 1321 2113 Ano-

372 2157 497 2218 nymum
520 2154 613 2202 vocat
630 2139 750 2222 po'e'tam
769 2153 799 2198 er
818 2153 956 2219 argutum
975 2154 1048 2200 et
1030 2155 1225 2216 accuratum,
1248 2159 1318 2203 cum

372 2232 414 2294 ob
428 2209 593 2295 ubilaim
610 2229 767 2294 utilitatem
789 2229 1000 2306 ediscendum,
1017 2247 1080 2292 tum
1103 2245 1227 2315 propter
1246 2250 1320 2296 ver·

372 2343 461 2388 suum
475 2323 635 2386 munditias
651 2321 844 2398 imitandum
862 2322 941 2384 sed
933 2324 1142 2386 interstitiorum
1159 2328 1319 2406 po'e'tarum

269 2418 274 2427 '
371 2417 541 2482 habendum
559 2433 703 2478 numero:
726 2414 756 2476 id
776 2415 860 2504 quod
875 2411 984 2476 factum
1006 2434 1025 2476 a
1042 2416 1092 2476 tab
1111 2435 1201 2508 spru,
1223 2436 1321 2479 unus-

370 2513 519 2596 quisque,
538 2511 703 2594 elegantiae
718 2527 748 2572 et
762 2509 877 2593 pulchri
897 2527 986 2572 sensu
1001 2509 1151 2585 imbutus,
1167 2528 1248 2574 recte
1260 2513 1319 2572 mi-

370 2621 464 2670 ratur.
481 2601 604 2668 barthio
627 2603 665 2664 de
689 2603 856 2682 Anonymo
876 2602 947 2684 quid
965 2602 1065 2664 visum
1092 2600 1202 2678 fuerit,
1227 2621 1318 2686 supra

370 2697 516 2770 vidimus3
535 2695 656 2758 Bebelio
673 2713 751 2756 vero
769 2693 827 2755 hae
848 2693 968 2756 fabulae
989 2693 1071 2758 nulla
1088 2693 1211 2756 Venere
1227 2711 1259 2758 et
1272 2695 1319 2765 le-

370 2809 466 2874 pore,
492 2787 590 2850 Musis
607 2787 720 2850 scilicet
736 2802 769 2848 et
785 2785 896 2850 Gratiis
919 2786 1153 2870 repugnantibus
1175 2787 1318 2852 videntur

371 2881 518 2964 scriptae,
536 2879 604 2941 ubi
602 2879 723 2962 puritas
743 2897 867 2968 quoque
887 2879 1052 2942 verborum
1067 2872 1260 2948 desideretur.
1281 2873 1327 2956 In‘

370 2987 457 3036 tanto
479 2972 614 3036 virorum
640 2971 882 3037 doctissimorum
916 2971 1052 3034 dissensu
1076 2988 1108 3036 et
1134 2971 1316 3038 iudiciorum

370 3065 568 3148 discrepantia
593 3063 694 3126 medio
714 3063 823 3126 ibimus
852 3063 1000 3126 tutissimi.
1023 3064 1213 3126 Fateamur
1205 3067 1315 3149 igitur,

343 3157 567 3237 „Anonymum
590 3156 712 3221 Phaedri
729 3155 864 3238 vestigiis
891 3155 1041 3233 insistere,
1060 3159 1185 3239 eiusque
1200 3160 1317 3225 fabulas

368 3267 432 3312 non
449 3251 531 3312 omni
544 3268 646 3314 carere
658 3248 803 3332 elegantia
811 3269 823 3324 ;
839 3248 1059 3325 concedamus,
1077 3251 1194 3316 easdem
1206 3252 1316 3316 iucun-

369 3340 423 3402 das
439 3357 503 3404 esse
520 3356 552 3401 et
567 3339 654 3403 utiles
659 3361 671 3416 ;
694 3356 725 3400 at
739 3353 863 3423 propter
879 3336 1055 3404 latinitatem
1073 3339 1227 3404 barbaram
1247 3361 1317 3425 pas-

368 3431 424 3494 sim
442 3429 608 3504 obviam,
600 3447 734 3512 ineptum
754 3427 917 3493 verborum
936 3428 1052 3502 lusum,
1074 3449 1169 3512 aeque
1186 3451 1223 3494 ac
1243 3431 1315 3496 affe·

367 3536 477 3583 cratam
498 3519 658 3584 elisionum
686 3520 807 3603 fugam,
838 3539 893 3582 nec
920 3539 984 3584 non
1005 3522 1229 3588 assimilationes
1249 3523 1316 3586 fre-

366 3629 494 3698 quentes
506 3615 571 3676 iure
586 3613 808 3696 vituperandae.
821 3630 836 3669 2

398 3783 410 3820 r
423 3759 518 3822 Proles·
528 3768 559 3820 de
570 3766 679 3822 Phaedro
689 3787 745 3838 pag.
756 3785 797 3839 39.
851 3771 929 3823 velet.
937 3787 993 3840 pag.
1006 3785 1046 3834 50.
1055 3785 1096 3838 53.
1105 3785 1158 3838 seq·
1171 3783 1198 3824 ec
1206 3771 1314 3826 Gedert.

396 3845 814 3917 aeonibusingiidnonyffle·
851 3850 1233 3922 dePubu'·Apologer.pag·34.
