2750 4782
330 411 387 476 ree
615 405 819 469 PUBLII
858 395 990 466 stul
1060 495 1065 502 .
1126 405 1272 478 tw.

326 553 408 640 Qun
419 547 603 637 prauum
612 547 732 612 nucu
744 545 788 628 a,
799 545 859 626 qu
868 546 1015 608 omnium
1025 545 1230 610 mamm

850 651 950 733 cupit.
1328 670 1329 734 t

328 761 394 848 Qui
402 761 493 826 timet
501 759 663 841 amieutn,
676 756 801 820 amicus
810 765 848 818 ut
859 755 987 839 timeat,
996 759 1105 820 docet.

327 867 394 954 Qui
405 867 497 930 timet
504 865 668 945 amietrm,
683 861 752 924 virn
764 881 831 924 non
841 861 934 924 norit
944 862 1099 925 nominis.

328 973 394 1060 Qui
403 973 509 1056 venit,
519 983 557 1038 ut
568 981 702 1052 noceat,
715 991 845 1052 semper
859 967 1032 1034 meditatus
1040 969 1151 1032 venit.

327 1075 394 1160 Qui
406 1073 535 1139 dubitet
545 1071 675 1154 ulcisci,
693 1071 861 1155 improbae
877 1072 989 1152 plures
1005 1070 1092 1134 iacit.

327 1178 394 1262 Qui
410 1179 528 1262 eulpae
539 1175 679 1266 ignoscit
692 1175 768 1256 uni,
783 1177 897 1238 suadet
914 1173 1072 1256 pluribus.

328 1285 405 1367 Quo
416 1283 561 1366 caretis,
574 1299 649 1346 oum
662 1281 790 1345 animus
800 1279 905 1358 aliud,
919 1279 1120 1342 verbaaliud
1129 1281 1280 1364 petunt?

329 1389 428 1470 Quod
439 1399 527 1452 aetas
536 1387 656 1450 vitium
668 1383 794 1468 pauit,
809 1391 898 1446 aetas
916 1381 1050 1445 auferet.

330 1489 558 1571 Quodcunque
575 1487 706 1548 auinaue
724 1485 788 1548 sibi
806 1484 995 1566 imperarit,
1008 1483 1146 1549 obtinet.

330 1592 428 1676 Quod
441 1600 487 1652 est
499 1589 702 1676 timendum,
717 1587 855 1670 decipit,
868 1589 896 1653 ai
910 1591 1065 1676 negligas.

330 1694 428 1778 Quod
440 1691 547 1754 faeere
560 1699 657 1776 turpe
666 1700 728 1772 eet,
741 1689 853 1754 dioere
863 1695 1036 1756 honestum
1048 1715 1089 1754 ne
1099 1702 1200 1776 puta.

330 1798 430 1882 Quod
443 1796 557 1884 fugere
568 1797 699 1877 eredat,
711 1817 808 1878 saepe
824 1798 907 1860 solet
920 1818 1100 1862 occurrere.

235 1949 238 1956 ,
331 1903 431 1988 Quod
447 1901 589 1982 uarias,
604 1901 659 1965 eui
672 1921 799 1982 serres,
814 1905 952 1968 smltum
969 1915 1016 1967 est
1031 1923 1179 1986 parcere.

257 2055 258 2058 η
331 2010 430 2094 Quod
441 2009 580 2092 nescies,
597 2011 768 2102 damnare,
784 2029 912 2074 summa
927 2007 1159 2073 esttemeritas.
1237 2011 1290 2089 657
1334 2013 1335 2046 ;

333 2115 432 2198 Quod
446 2113 563 2197 periit,
576 2114 689 2196 quaeri
707 2124 801 2196 pote,
811 2113 967 2195 reprendi
978 2135 1045 2177 non
1058 2123 1147 2196 pote.

333 2217 431 2299 Quod
443 2213 582 2295 quisque
594 2226 698 2298 amat,
714 2218 880 2279 laudando
893 2217 1101 2280 commendat
1113 2213 1192 2277 sibi.

333 2322 432 2406 Quod
441 2339 572 2404 semper
584 2333 632 2385 est
648 2331 813 2405 paratum,
830 2342 897 2385 non
911 2342 1041 2406 semper
1054 2323 1157 2384 iurat.
1189 2325 1196 2333 “

333 2428 432 2510 Quod
442 2425 553 2490 senior
565 2425 728 2508 loquitur,
740 2446 855 2492 omnes
870 2427 1045 2490 eonsilium
1059 2413 1189 2510 putant.
1228 2423 1231 2431 ’

213 2512 219 2529 ’
334 2534 432 2616 Quod
443 2530 573 2612 timeas,
592 2529 700 2614 eitius,
714 2551 813 2613 quam
826 2534 1052 2614 quodspernr,
1069 2529 1194 2593 evenit.

335 2637 433 2719 Quod
446 2634 601 2702 vitiosum
609 2646 672 2717 ent,
684 2655 751 2718 quo
760 2634 872 2698 auimo
883 2634 998 2714 facias,
1013 2633 1095 2696 nihil
1109 2633 1263 2699 interest.

335 2738 433 2819 Quod
445 2735 501 2798 rix
517 2735 696 2824 contingit,
712 2736 767 2799 vix
785 2735 984 2818 voluptatem
1000 2737 1094 2819 parit.

215 2849 219 2858 ⁴
336 2841 434 2924 Quod
446 2842 518 2903 vult
531 2841 706 2926 cupiditas,
721 2839 854 2928 cogitat,
870 2845 938 2904 non
949 2842 1038 2922 quod
1048 2841 1150 2901 deret.

336 2949 435 3033 Quod
446 2952 518 3014 vult
532 2951 648 3034 habet,
658 2951 718 3032 qui
729 2951 832 3030 velle,
848 2953 936 3031 quod
944 2949 1021 3012 satis
1034 2959 1093 3028 est,
1107 2953 1234 3030 potest.

336 3053 494 3138 Quotidie
503 3059 692 3137 damnatur,
705 3054 763 3137 qui
774 3073 903 3135 semper
919 3053 1020 3115 timet.

339 3159 495 3242 Quotidie
511 3173 560 3226 eat
574 3158 718 3226 deterior
728 3155 889 3243 posterior
905 3156 985 3220 dies.
1072 3157 1099 3188 ’·

312 3344 314 3360 '
338 3307 492 3419 Rupere
505 3363 554 3420 eat
565 3357 731 3439 accipere,
747 3359 837 3437 quod
850 3375 917 3428 non
927 3353 1030 3439 poesis
1041 3355 1194 3420 reddere.

339 3463 467 3541 Rapere
480 3465 542 3535 est,
557 3476 626 3522 non
638 3469 764 3541 petere,
781 3459 943 3541 quidquid
955 3459 1059 3520 inrito
1070 3459 1215 3524 auferas.

340 3561 465 3622 Rarum
475 3575 543 3622 esse
553 3568 697 3641 oportet,
707 3562 798 3638 quod
810 3561 866 3623 diu
878 3581 989 3624 carum
1001 3560 1090 3624 velis.

341 3665 496 3748 Ratione,
510 3663 635 3745 nonvi,
657 3663 818 3729 vincenda
833 3667 1050 3732 adolescentia
1066 3676 1123 3730 est.

343 3769 471 3854 Refert,
483 3787 582 3851 quem
593 3767 667 3851 quis
679 3769 763 3834 bene
774 3770 877 3849 vivet,
893 3789 992 3851 quam
1008 3771 1083 3850 diu,
1096 3789 1165 3833 non
1176 3773 1287 3838 refert.
