2848 4792
349 422 405 480 r&
660 406 975 478 ΑΝΟΝΥΜΙ

546 609 871 716 r‘nnurn
920 587 1066 718 xvr'r.

553 805 612 879 us
639 826 778 880 Asruo
806 826 861 877 cr
887 825 1083 878 cnruco.

346 947 558 1062 Munumrs
568 1003 600 1058 et
614 997 737 1058 caudae
748 994 856 1084 studio
867 1002 1001 1058 testatur
1013 1012 1161 1056 amorem

385 1105 478 1163 Nunc
493 1100 605 1185 lingua
622 1102 774 1180 Catulus,
791 1119 879 1161 nunc
891 1102 975 1182 pede
989 1101 1096 1182 placat
1106 1099 1249 1160 herum.

232 1195 236 1204 ’
346 1206 1321 1290 Gaudetherus,contitquecanem,comitemqueciborum

384 1314 510 1379 Efficit:
528 1313 645 1376 alludit
656 1315 750 1376 turba
766 1308 1013 1374 minisrmcnni.

345 1423 422 1484 Arte
433 1419 518 1501 pari,
531 1414 717 1497 similesque
727 1415 1050 1496 cibos,similemque
1059 1413 1214 1476 favorem
1292 1415 1312 1477 5

385 1524 520 1586 Lucrari
532 1524 680 1603 cupiens,
696 1521 804 1602 inquit
815 1520 939 1581 Asellus
957 1519 1062 1580 iners:

344 1634 398 1692 Me
414 1631 522 1689 catulo
536 1628 678 1708 praefert
692 1625 779 1687 vitae
795 1626 899 1704 nitor,
916 1625 996 1685 utile
1011 1636 1160 1710 tergum,

384 1736 450 1794 Nec
462 1733 576 1814 placeo
588 1729 714 1810 fructu,
732 1732 789 1793 sed
801 1733 907 1812 placet
925 1729 980 1791 ille
996 1729 1080 1792 ioco.
1139 1775 1142 1780 -

343 1835 474 1898 Ludens
488 1842 554 1910 tute
571 1837 688 1916 places.
708 1835 760 1897 Sic
773 1822 845 1896 Iudi
861 1847 1006 1917 tempore
1019 1834 1108 1917 viso,

384 1945 428 2003 Ut
441 1945 519 2004 ludo
530 1945 673 2024 placeat,
691 1942 775 2003 ludit
792 1952 824 2004 et
838 1942 935 2005 instat
950 1945 1041 2004 hero.
1261 1961 1300 2002 10

322 2121 325 2130 Δ
344 2046 490 2108 Blandiri
504 2057 595 2127 putat
613 2065 669 2107 ore
688 2057 815 2126 tonans,
830 2045 1041 2125 humerisque
1056 2042 1206 2126 prlorum

385 2148 503 2210 Pressis
520 2151 607 2210 mole
623 2150 763 2230 pedum,
776 2169 810 2210 se
823 2156 915 2229 putat
929 2167 996 2210 esse
1009 2147 1110 2230 pium.

343 2251 588 2312 Clamatherus:
597 2252 667 2312 vult
678 2252 802 2312 clamor
809 2270 921 2332 opem:
933 2250 1019 2316 subit
1030 2252 1112 2312 ordo
1121 2250 1297 2315 clientum.

383 2354 486 2415 Multa
502 2354 613 2415 domat
627 2355 731 2414 multo
742 2357 877 2416 verbere
888 2356 980 2417 clava
992 2375 1096 2416 reum.

342 2457 442 2540 Quod
453 2466 569 2517 natura
578 2456 692 2540 negat,
710 2475 807 2518 nemo
820 2456 959 2520 feliciter
974 2459 1090 2519 audet:
1261 2463 1297 2523 25
1396 2455 1397 2472 ³

291 2545 294 2552 ¹
383 2557 541 2642 Displicet
552 2559 762 2644 imprudens,
780 2563 867 2625 unde
882 2565 1012 2644 placere
1025 2570 1127 2647 putat.

553 2753 855 2826 FABULA
901 2755 1077 2826 XVIII.
1158 2803 1162 2810 »

573 2931 631 2982 DE
658 2932 807 2985 LEONE
834 2934 889 2984 ET
915 2935 1056 2988 MIIRE.

344 3041 502 3154 Fnrcrun
512 3088 625 3171 ¹sopito
641 3088 809 3152 blanditur
826 3081 908 3151 silv'a
922 3089 1041 3154 lconis

385 3196 522 3278 cursitat
532 3197 592 3259 ¹hic
607 3205 739 3258 murum
751 3198 864 3259 ludere
875 3210 1002 3278 promta
1014 3201 1141 3261 cohors.

343 3299 472 3360 Pressus
487 3319 579 3360 mure
591 3302 657 3389 l7eo
673 3321 800 3361 murem
813 3298 914 3382 rapit;
931 3301 990 3363 ille
1003 3310 1172 3382 precatura

382 3403 442 3464 Ille
454 3421 581 3483 precem
594 3387 704 3477 librat,
722 3403 865 3466 subiacet
877 3404 925 3466 irc
939 3404 1037 3486 preci.

342 3511 547 3571 Haectamen
557 3515 632 3567 ante
643 3519 750 3569 movet
761 3507 885 3572 animo:
900 3511 989 3593 Quid
998 3529 1091 3572 mure
1102 3517 1249 3590 peremto
1271 3514 1289 3574 5

383 3609 501 3672 Laudis
512 3610 621 3672 ernesl
634 3631 797 3674 summum
817 3615 946 3678 vincere
959 3633 1062 3696 parva
1077 3614 1187 3695 pudet.

343 3714 377 3778 Si
389 3737 468 3778 nece
483 3716 635 3803 dignetur
653 3718 778 3780 murem
797 3722 866 3800 leo,
881 3742 991 3784 nonne
1008 3719 1097 3784 leoni
1112 3789 1115 3796 ,

382 3821 546 3904 Dedecus,
559 3831 591 3884 et
608 3821 696 3884 muri
708 3823 850 3908 coeperit
861 3845 928 3890 esse
939 3826 1058 3914 decus?
