<?xml version="1.0" encoding="UTF-8"?>
<!DOCTYPE html PUBLIC "-//W3C//DTD XHTML 1.0 Transitional//EN"
    "http://www.w3.org/TR/xhtml1/DTD/xhtml1-transitional.dtd">
<html xmlns="http://www.w3.org/1999/xhtml" xml:lang="en" lang="en">
 <head>
  <title>
</title>
<meta http-equiv="Content-Type" content="text/html;charset=utf-8" />
  <meta name='ocr-system' content='tesseract 3.04.00' />
  <meta name='ocr-capabilities' content='ocr_page ocr_carea ocr_par ocr_line ocrx_word'/>
</head>
<body>
  <div class='ocr_page' id='page_1' title='image "./phaedriaugustil05phaegoog_0093.png"; bbox 0 0 2916 4790; ppageno 0'>
   <div class='ocr_carea' id='block_1_1' title="bbox 338 404 1143 518">
    <p class='ocr_par' dir='ltr' id='par_1_1' title="bbox 338 404 1143 518">
     <span class='ocr_line' id='line_1_1' title="bbox 338 404 1143 518; baseline -0.001 -4"><span class='ocrx_word' id='word_1_1' title='bbox 338 461 488 514; x_wconf 73' lang='lat' dir='ltr'><strong>mmm</strong></span> <span class='ocrx_word' id='word_1_2' title='bbox 531 441 804 518; x_wconf 81' lang='lat' dir='ltr'><strong>uorrrrn</strong></span> <span class='ocrx_word' id='word_1_3' title='bbox 830 404 1143 514; x_wconf 72' lang='lat' dir='ltr'><strong>maalmam</strong></span> 
     </span>
    </p>
   </div>
   <div class='ocr_carea' id='block_1_2' title="bbox 264 598 1337 2918">
    <p class='ocr_par' dir='ltr' id='par_1_2' title="bbox 264 598 1337 2918">
     <span class='ocr_line' id='line_1_2' title="bbox 276 598 1300 683; baseline 0.003 -20"><span class='ocrx_word' id='word_1_4' title='bbox 276 612 279 618; x_wconf 89' lang='grc'><strong>’</strong></span> <span class='ocrx_word' id='word_1_5' title='bbox 338 618 369 664; x_wconf 89' lang='lat' dir='ltr'><strong>et</strong></span> <span class='ocrx_word' id='word_1_6' title='bbox 392 601 513 683; x_wconf 89' lang='lat' dir='ltr'><strong>quidem</strong></span> <span class='ocrx_word' id='word_1_7' title='bbox 535 617 643 683; x_wconf 89' lang='lat' dir='ltr'><strong>prosa,</strong></span> <span class='ocrx_word' id='word_1_8' title='bbox 667 616 766 680; x_wconf 85' lang='lat' dir='ltr'><strong>neque</strong></span> <span class='ocrx_word' id='word_1_9' title='bbox 787 598 866 662; x_wconf 91' lang='lat' dir='ltr'><strong>adeo</strong></span> <span class='ocrx_word' id='word_1_10' title='bbox 888 617 983 661; x_wconf 90' lang='lat' dir='ltr'><strong>novas</strong></span> <span class='ocrx_word' id='word_1_11' title='bbox 1004 599 1139 664; x_wconf 83' lang='lat' dir='ltr'>confecit</span> <span class='ocrx_word' id='word_1_12' title='bbox 1163 601 1300 682; x_wconf 85' lang='lat' dir='ltr'><strong>fabulas,</strong></span> 
     </span>
     <span class='ocr_line' id='line_1_3' title="bbox 336 691 1299 778; baseline 0.003 -23"><span class='ocrx_word' id='word_1_13' title='bbox 336 695 428 778; x_wconf 67' lang='lat' dir='ltr'><strong>plane</strong></span> <span class='ocrx_word' id='word_1_14' title='bbox 447 692 525 755; x_wconf 88' lang='lat' dir='ltr'><strong>nulla</strong></span> <span class='ocrx_word' id='word_1_15' title='bbox 539 711 631 754; x_wconf 88' lang='lat' dir='ltr'><strong>causa</strong></span> <span class='ocrx_word' id='word_1_16' title='bbox 652 692 732 767; x_wconf 79' lang='lat' dir='ltr'><strong>fuit,</strong></span> <span class='ocrx_word' id='word_1_17' title='bbox 753 711 807 756; x_wconf 91' lang='lat' dir='ltr'><strong>cur</strong></span> <span class='ocrx_word' id='word_1_18' title='bbox 825 693 961 762; x_wconf 76' lang='lat' dir='ltr'><strong>Avienus</strong></span> <span class='ocrx_word' id='word_1_19' title='bbox 978 691 1088 754; x_wconf 84' lang='lat' dir='ltr'><strong>Babrio</strong></span> <span class='ocrx_word' id='word_1_20' title='bbox 1115 695 1174 756; x_wconf 87' lang='lat' dir='ltr'><strong>iam</strong></span> <span class='ocrx_word' id='word_1_21' title='bbox 1195 697 1299 757; x_wconf 83' lang='lat' dir='ltr'><strong>norni-</strong></span> 
     </span>
     <span class='ocr_line' id='line_1_4' title="bbox 322 785 1300 869; baseline 0.004 -19"><span class='ocrx_word' id='word_1_22' title='bbox 322 807 413 860; x_wconf 73' lang='lat' dir='ltr'><strong>,nato</strong></span> <span class='ocrx_word' id='word_1_23' title='bbox 422 788 576 850; x_wconf 88' lang='lat' dir='ltr'><strong>Titianum</strong></span> <span class='ocrx_word' id='word_1_24' title='bbox 593 787 772 863; x_wconf 88' lang='lat' dir='ltr'><strong>subiiceret,</strong></span> <span class='ocrx_word' id='word_1_25' title='bbox 784 805 878 869; x_wconf 70' lang='lat' dir='ltr'><strong>quem,</strong></span> <span class='ocrx_word' id='word_1_26' title='bbox 886 787 1015 850; x_wconf 91' lang='lat' dir='ltr'><strong>eundem</strong></span> <span class='ocrx_word' id='word_1_27' title='bbox 1029 805 1066 850; x_wconf 89' lang='lat' dir='ltr'><strong>ac</strong></span> <span class='ocrx_word' id='word_1_28' title='bbox 1078 785 1218 852; x_wconf 83' lang='lat' dir='ltr'><strong>Rabrium</strong></span> <span class='ocrx_word' id='word_1_29' title='bbox 1231 808 1300 854; x_wconf 83' lang='lat' dir='ltr'><strong>esse</strong></span> 
     </span>
     <span class='ocr_line' id='line_1_5' title="bbox 339 877 1299 961; baseline 0.001 -17"><span class='ocrx_word' id='word_1_30' title='bbox 339 882 472 956; x_wconf 83' lang='lat' dir='ltr'><strong>sciebat,</strong></span> <span class='ocrx_word' id='word_1_31' title='bbox 496 896 589 961; x_wconf 92' lang='lat' dir='ltr'><strong>atque</strong></span> <span class='ocrx_word' id='word_1_32' title='bbox 612 881 692 944; x_wconf 84' lang='lat' dir='ltr'><strong>inter</strong></span> <span class='ocrx_word' id='word_1_33' title='bbox 711 879 846 942; x_wconf 91' lang='lat' dir='ltr'><strong>diversos</strong></span> <span class='ocrx_word' id='word_1_34' title='bbox 866 877 1067 960; x_wconf 86' lang='lat' dir='ltr'><strong>apologorum</strong></span> <span class='ocrx_word' id='word_1_35' title='bbox 1089 894 1232 952; x_wconf 75' lang='lat' dir='ltr'><strong>auctores</strong></span> <span class='ocrx_word' id='word_1_36' title='bbox 1246 901 1299 944; x_wconf 90' lang='lat' dir='ltr'><strong>re·</strong></span> 
     </span>
     <span class='ocr_line' id='line_1_6' title="bbox 338 970 1298 1054; baseline 0.004 -19"><span class='ocrx_word' id='word_1_37' title='bbox 338 973 419 1037; x_wconf 84' lang='lat' dir='ltr'><strong>ferre</strong></span> <span class='ocrx_word' id='word_1_38' title='bbox 437 987 644 1054; x_wconf 87' lang='lat' dir='ltr'><strong>necpoterat,</strong></span> <span class='ocrx_word' id='word_1_39' title='bbox 663 989 725 1033; x_wconf 84' lang='lat' dir='ltr'><strong>nec·</strong></span> <span class='ocrx_word' id='word_1_40' title='bbox 741 970 878 1032; x_wconf 77' lang='lat' dir='ltr'><strong>debebat.</strong></span> <span class='ocrx_word' id='word_1_41' title='bbox 896 971 964 1032; x_wconf 89' lang='lat' dir='ltr'><strong>Hoc</strong></span> <span class='ocrx_word' id='word_1_42' title='bbox 985 985 1076 1052; x_wconf 87' lang='lat' dir='ltr'><strong>pacto</strong></span> <span class='ocrx_word' id='word_1_43' title='bbox 1100 989 1176 1034; x_wconf 88' lang='lat' dir='ltr'><strong>vera</strong></span> <span class='ocrx_word' id='word_1_44' title='bbox 1193 973 1298 1039; x_wconf 90' lang='lat' dir='ltr'><strong>omissi</strong></span> 
     </span>
     <span class='ocr_line' id='line_1_7' title="bbox 315 1059 1298 1149; baseline -0.005 -18"><span class='ocrx_word' id='word_1_45' title='bbox 315 1109 319 1118; x_wconf 52' lang='grc' dir='ltr'><strong><em>ι</em></strong></span> <span class='ocrx_word' id='word_1_46' title='bbox 338 1069 377 1131; x_wconf 90' lang='lat' dir='ltr'><strong>ab</strong></span> <span class='ocrx_word' id='word_1_47' title='bbox 392 1063 640 1140; x_wconf 72' lang='lat' dir='ltr'><strong>AvianoJitiani</strong></span> <span class='ocrx_word' id='word_1_48' title='bbox 657 1083 747 1126; x_wconf 87' lang='lat' dir='ltr'><strong>causa</strong></span> <span class='ocrx_word' id='word_1_49' title='bbox 763 1079 865 1143; x_wconf 85' lang='lat' dir='ltr'><strong>aperta</strong></span> <span class='ocrx_word' id='word_1_50' title='bbox 877 1081 906 1124; x_wconf 90' lang='lat' dir='ltr'><strong>er</strong></span> <span class='ocrx_word' id='word_1_51' title='bbox 921 1059 1080 1123; x_wconf 85' lang='lat' dir='ltr'><strong>manifesta</strong></span> <span class='ocrx_word' id='word_1_52' title='bbox 1091 1079 1153 1137; x_wconf 89' lang='lat' dir='ltr'><strong>est,</strong></span> <span class='ocrx_word' id='word_1_53' title='bbox 1167 1084 1205 1126; x_wconf 86' lang='lat' dir='ltr'><strong>ex</strong></span> <span class='ocrx_word' id='word_1_54' title='bbox 1217 1065 1298 1149; x_wconf 89' lang='lat' dir='ltr'><strong>ipsa-</strong></span> 
     </span>
     <span class='ocr_line' id='line_1_8' title="bbox 338 1154 1298 1244; baseline -0.003 -19"><span class='ocrx_word' id='word_1_55' title='bbox 338 1181 398 1244; x_wconf 87' lang='lat' dir='ltr'><strong>que</strong></span> <span class='ocrx_word' id='word_1_56' title='bbox 425 1154 538 1225; x_wconf 85' lang='lat' dir='ltr'><strong>Aviani</strong></span> <span class='ocrx_word' id='word_1_57' title='bbox 560 1162 700 1237; x_wconf 83' lang='lat' dir='ltr'><strong>&#39;oratione</strong></span> <span class='ocrx_word' id='word_1_58' title='bbox 725 1173 756 1220; x_wconf 91' lang='lat' dir='ltr'><strong>et</strong></span> <span class='ocrx_word' id='word_1_59' title='bbox 780 1156 1075 1234; x_wconf 79' lang='lat' dir='ltr'><strong>mente-declarara3</strong></span> <span class='ocrx_word' id='word_1_60' title='bbox 1099 1175 1193 1240; x_wconf 89' lang='lat' dir='ltr'><strong>atque</strong></span> <span class='ocrx_word' id='word_1_61' title='bbox 1218 1161 1298 1222; x_wconf 90' lang='lat' dir='ltr'><strong>adeo</strong></span> 
     </span>
     <span class='ocr_line' id='line_1_9' title="bbox 337 1251 1297 1336; baseline -0.002 -18"><span class='ocrx_word' id='word_1_62' title='bbox 337 1255 565 1320; x_wconf 78' lang='lat' dir='ltr'><strong>fundamentum</strong></span> <span class='ocrx_word' id='word_1_63' title='bbox 576 1256 668 1328; x_wconf 90' lang='lat' dir='ltr'><strong>illud,</strong></span> <span class='ocrx_word' id='word_1_64' title='bbox 687 1253 736 1315; x_wconf 90' lang='lat' dir='ltr'><strong>cui</strong></span> <span class='ocrx_word' id='word_1_65' title='bbox 757 1268 965 1336; x_wconf 84' lang='lat' dir='ltr'>superstruere</span> <span class='ocrx_word' id='word_1_66' title='bbox 983 1251 1222 1334; x_wconf 82' lang='lat' dir='ltr'><strong>Cannegieterus</strong></span> <span class='ocrx_word' id='word_1_67' title='bbox 1239 1273 1297 1315; x_wconf 89' lang='lat' dir='ltr'><strong>an-</strong></span> 
     </span>
     <span class='ocr_line' id='line_1_10' title="bbox 338 1341 1296 1433; baseline -0.001 -20"><span class='ocrx_word' id='word_1_68' title='bbox 338 1353 454 1433; x_wconf 77' lang='lat' dir='ltr'><strong>tiquam</strong></span> <span class='ocrx_word' id='word_1_69' title='bbox 478 1368 607 1412; x_wconf 89' lang='lat' dir='ltr'><strong>aetatem</strong></span> <span class='ocrx_word' id='word_1_70' title='bbox 633 1351 744 1412; x_wconf 86' lang='lat' dir='ltr'><strong>Aviani</strong></span> <span class='ocrx_word' id='word_1_71' title='bbox 765 1347 890 1422; x_wconf 89' lang='lat' dir='ltr'><strong>voluit,</strong></span> <span class='ocrx_word' id='word_1_72' title='bbox 919 1341 1011 1429; x_wconf 82' lang='lat' dir='ltr'><strong>plahe·</strong></span> <span class='ocrx_word' id='word_1_73' title='bbox 1036 1349 1161 1409; x_wconf 91' lang='lat' dir='ltr'><strong>corruit.</strong></span> <span class='ocrx_word' id='word_1_74' title='bbox 1189 1346 1296 1412; x_wconf 79' lang='lat' dir='ltr'><strong>Taceo</strong></span> 
     </span>
     <span class='ocr_line' id='line_1_11' title="bbox 338 1441 1297 1530; baseline 0 -24"><span class='ocrx_word' id='word_1_75' title='bbox 338 1446 414 1520; x_wconf 86' lang='lat' dir='ltr'><strong>alia,</strong></span> <span class='ocrx_word' id='word_1_76' title='bbox 430 1467 510 1530; x_wconf 86' lang='lat' dir='ltr'><strong>quae</strong></span> <span class='ocrx_word' id='word_1_77' title='bbox 523 1447 689 1508; x_wconf 88' lang='lat' dir='ltr'><strong>sententiae</strong></span> <span class='ocrx_word' id='word_1_78' title='bbox 701 1445 778 1507; x_wconf 90' lang='lat' dir='ltr'><strong>illius</strong></span> <span class='ocrx_word' id='word_1_79' title='bbox 789 1446 933 1518; x_wconf 85' lang='lat' dir='ltr'><strong>obstant,</strong></span> <span class='ocrx_word' id='word_1_80' title='bbox 948 1441 1159 1526; x_wconf 86' lang='lat' dir='ltr'><strong>impedimenta</strong></span> <span class='ocrx_word' id='word_1_81' title='bbox 1169 1459 1215 1504; x_wconf 83' lang='lat' dir='ltr'><strong>eat</strong></span> <span class='ocrx_word' id='word_1_82' title='bbox 1224 1463 1297 1526; x_wconf 83' lang='lat' dir='ltr'><strong>gra-</strong></span> 
     </span>
     <span class='ocr_line' id='line_1_12' title="bbox 338 1537 1295 1618; baseline 0.001 -19"><span class='ocrx_word' id='word_1_83' title='bbox 338 1540 406 1612; x_wconf 90' lang='lat' dir='ltr'><strong>via,</strong></span> <span class='ocrx_word' id='word_1_84' title='bbox 419 1557 498 1617; x_wconf 87' lang='lat' dir='ltr'><strong>quae</strong></span> <span class='ocrx_word' id='word_1_85' title='bbox 512 1537 560 1599; x_wconf 91' lang='lat' dir='ltr'><strong>ille</strong></span> <span class='ocrx_word' id='word_1_86' title='bbox 579 1537 678 1600; x_wconf 88' lang='lat' dir='ltr'><strong>multis</strong></span> <span class='ocrx_word' id='word_1_87' title='bbox 696 1537 901 1600; x_wconf 85' lang='lat' dir='ltr'><strong>molitionibus</strong></span> <span class='ocrx_word' id='word_1_88' title='bbox 918 1554 1006 1618; x_wconf 81' lang='lat' dir='ltr'>aegre</span> <span class='ocrx_word' id='word_1_89' title='bbox 1021 1555 1164 1600; x_wconf 86' lang='lat' dir='ltr'><strong>amovere</strong></span> <span class='ocrx_word' id='word_1_90' title='bbox 1183 1537 1295 1617; x_wconf 88' lang='lat' dir='ltr'><strong>potuit.</strong></span> 
     </span>
     <span class='ocr_line' id='line_1_13' title="bbox 289 1625 1297 1711; baseline 0 -21"><span class='ocrx_word' id='word_1_91' title='bbox 289 1645 297 1666; x_wconf 90' lang='lat'><strong>·</strong></span> <span class='ocrx_word' id='word_1_92' title='bbox 337 1629 433 1692; x_wconf 85' lang='lat' dir='ltr'><strong>Flavii</strong></span> <span class='ocrx_word' id='word_1_93' title='bbox 446 1649 575 1702; x_wconf 90' lang='lat' dir='ltr'><strong>nomen,</strong></span> <span class='ocrx_word' id='word_1_94' title='bbox 596 1629 719 1693; x_wconf 80' lang='lat' dir='ltr'><strong>Avieno</strong></span> <span class='ocrx_word' id='word_1_95' title='bbox 734 1629 885 1703; x_wconf 90' lang='lat' dir='ltr'><strong>additum,</strong></span> <span class='ocrx_word' id='word_1_96' title='bbox 907 1628 991 1709; x_wconf 89' lang='lat' dir='ltr'><strong>quod</strong></span> <span class='ocrx_word' id='word_1_97' title='bbox 1008 1629 1073 1711; x_wconf 90' lang='lat' dir='ltr'><strong>ipse</strong></span> <span class='ocrx_word' id='word_1_98' title='bbox 1090 1625 1297 1709; x_wconf 83' lang='lat' dir='ltr'><strong>Cannegiete-</strong></span> 
     </span>
     <span class='ocr_line' id='line_1_14' title="bbox 338 1719 1296 1804; baseline 0.001 -22"><span class='ocrx_word' id='word_1_99' title='bbox 338 1733 392 1782; x_wconf 85' lang='lat' dir='ltr'><strong>rus</strong></span> <span class='ocrx_word' id='word_1_100' title='bbox 406 1719 519 1788; x_wconf 87' lang='lat' dir='ltr'><strong>fatetur</strong></span> <span class='ocrx_word' id='word_1_101' title='bbox 540 1739 604 1782; x_wconf 90' lang='lat' dir='ltr'><strong>non</strong></span> <span class='ocrx_word' id='word_1_102' title='bbox 624 1721 681 1782; x_wconf 91' lang='lat' dir='ltr'><strong>nisi</strong></span> <span class='ocrx_word' id='word_1_103' title='bbox 702 1737 772 1781; x_wconf 90' lang='lat' dir='ltr'><strong>sero</strong></span> <span class='ocrx_word' id='word_1_104' title='bbox 793 1738 811 1780; x_wconf 94' lang='lat' dir='ltr'><strong>e</strong></span> <span class='ocrx_word' id='word_1_105' title='bbox 829 1721 932 1804; x_wconf 83' lang='lat' dir='ltr'><strong>gentili</strong></span> <span class='ocrx_word' id='word_1_106' title='bbox 951 1739 1133 1802; x_wconf 84' lang='lat' dir='ltr'><strong>praenomen</strong></span> <span class='ocrx_word' id='word_1_107' title='bbox 1158 1719 1296 1796; x_wconf 86' lang='lat' dir='ltr'><strong>lacrum,</strong></span> 
     </span>
     <span class='ocr_line' id='line_1_15' title="bbox 338 1814 1311 1900; baseline 0 -24"><span class='ocrx_word' id='word_1_108' title='bbox 338 1832 439 1896; x_wconf 88' lang='lat' dir='ltr'><strong>neque</strong></span> <span class='ocrx_word' id='word_1_109' title='bbox 459 1833 529 1880; x_wconf 87' lang='lat' dir='ltr'><strong>ante</strong></span> <span class='ocrx_word' id='word_1_110' title='bbox 545 1814 737 1878; x_wconf 86' lang='lat' dir='ltr'><strong>Constantini</strong></span> <span class='ocrx_word' id='word_1_111' title='bbox 752 1833 888 1898; x_wconf 89' lang='lat' dir='ltr'><strong>tempora</strong></span> <span class='ocrx_word' id='word_1_112' title='bbox 904 1819 983 1880; x_wconf 89' lang='lat' dir='ltr'><strong>inter</strong></span> <span class='ocrx_word' id='word_1_113' title='bbox 998 1816 1133 1900; x_wconf 85' lang='lat' dir='ltr'><strong>privatos</strong></span> <span class='ocrx_word' id='word_1_114' title='bbox 1152 1815 1311 1894; x_wconf 69' lang='lat' dir='ltr'><strong>frequen·-</strong></span> 
     </span>
     <span class='ocr_line' id='line_1_16' title="bbox 326 1911 1295 1997; baseline 0.006 -27"><span class='ocrx_word' id='word_1_115' title='bbox 326 1923 452 1984; x_wconf 88' lang='lat' dir='ltr'><strong>-tatum;</strong></span> <span class='ocrx_word' id='word_1_116' title='bbox 479 1913 551 1974; x_wconf 91' lang='lat' dir='ltr'><strong>item</strong></span> <span class='ocrx_word' id='word_1_117' title='bbox 571 1912 760 1984; x_wconf 88' lang='lat' dir='ltr'><strong>Theodosii,</strong></span> <span class='ocrx_word' id='word_1_118' title='bbox 781 1912 831 1974; x_wconf 90' lang='lat' dir='ltr'><strong>cui</strong></span> <span class='ocrx_word' id='word_1_119' title='bbox 851 1914 993 1992; x_wconf 86' lang='lat' dir='ltr'><strong>inscripta</strong></span> <span class='ocrx_word' id='word_1_120' title='bbox 1014 1911 1164 1997; x_wconf 85' lang='lat' dir='ltr'><strong>praefatio</strong></span> <span class='ocrx_word' id='word_1_121' title='bbox 1182 1913 1295 1976; x_wconf 81' lang='lat' dir='ltr'><strong>Aviani</strong></span> 
     </span>
     <span class='ocr_line' id='line_1_17' title="bbox 339 2004 1295 2086; baseline 0.002 -22"><span class='ocrx_word' id='word_1_122' title='bbox 339 2017 416 2086; x_wconf 85' lang='lat' dir='ltr'><strong>est,</strong></span> <span class='ocrx_word' id='word_1_123' title='bbox 427 2023 537 2068; x_wconf 91' lang='lat' dir='ltr'><strong>nornen</strong></span> <span class='ocrx_word' id='word_1_124' title='bbox 554 2004 725 2078; x_wconf 88' lang='lat' dir='ltr'><strong>Graecum,</strong></span> <span class='ocrx_word' id='word_1_125' title='bbox 740 2023 839 2086; x_wconf 90' lang='lat' dir='ltr'><strong>neque</strong></span> <span class='ocrx_word' id='word_1_126' title='bbox 854 2005 942 2068; x_wconf 89' lang='lat' dir='ltr'><strong>facile</strong></span> <span class='ocrx_word' id='word_1_127' title='bbox 955 2007 1034 2068; x_wconf 91' lang='lat' dir='ltr'><strong>inter</strong></span> <span class='ocrx_word' id='word_1_128' title='bbox 1054 2005 1295 2079; x_wconf 82' lang='lat' dir='ltr'><strong>Romanosante</strong></span> 
     </span>
     <span class='ocr_line' id='line_1_18' title="bbox 338 2094 1295 2178; baseline 0.004 -26"><span class='ocrx_word' id='word_1_129' title='bbox 338 2107 477 2175; x_wconf 88' lang='lat' dir='ltr'><strong>tempora</strong></span> <span class='ocrx_word' id='word_1_130' title='bbox 494 2094 662 2159; x_wconf 89' lang='lat' dir='ltr'><strong>Theodosii</strong></span> <span class='ocrx_word' id='word_1_131' title='bbox 682 2095 729 2157; x_wconf 88' lang='lat' dir='ltr'><strong>M.</strong></span> <span class='ocrx_word' id='word_1_132' title='bbox 745 2095 979 2176; x_wconf 69' lang='lat' dir='ltr'><strong>reperiendum</strong></span> <span class='ocrx_word' id='word_1_133' title='bbox 1003 2096 1079 2158; x_wconf 90' lang='lat' dir='ltr'><strong>haec</strong></span> <span class='ocrx_word' id='word_1_134' title='bbox 1095 2097 1216 2178; x_wconf 84' lang='lat' dir='ltr'><strong>inquam</strong></span> <span class='ocrx_word' id='word_1_135' title='bbox 1234 2113 1295 2156; x_wconf 86' lang='lat' dir='ltr'><strong>no·</strong></span> 
     </span>
     <span class='ocr_line' id='line_1_19' title="bbox 338 2185 1294 2268; baseline 0.004 -24"><span class='ocrx_word' id='word_1_136' title='bbox 338 2187 438 2260; x_wconf 89' lang='lat' dir='ltr'><strong>mina,</strong></span> <span class='ocrx_word' id='word_1_137' title='bbox 460 2207 537 2268; x_wconf 87' lang='lat' dir='ltr'><strong>quae</strong></span> <span class='ocrx_word' id='word_1_138' title='bbox 558 2185 784 2268; x_wconf 90' lang='lat' dir='ltr'><strong>quodammodo</strong></span> <span class='ocrx_word' id='word_1_139' title='bbox 804 2186 919 2267; x_wconf 84' lang='lat' dir='ltr'><strong>signum</strong></span> <span class='ocrx_word' id='word_1_140' title='bbox 946 2203 977 2250; x_wconf 92' lang='lat' dir='ltr'><strong>et</strong></span> <span class='ocrx_word' id='word_1_141' title='bbox 999 2187 1205 2248; x_wconf 84' lang='lat' dir='ltr'><strong>characterem</strong></span> <span class='ocrx_word' id='word_1_142' title='bbox 1227 2185 1294 2248; x_wconf 91' lang='lat' dir='ltr'><strong>effi·</strong></span> 
     </span>
     <span class='ocr_line' id='line_1_20' title="bbox 329 2278 1293 2363; baseline 0.003 -25"><span class='ocrx_word' id='word_1_143' title='bbox 329 2278 426 2340; x_wconf 76' lang='lat' dir='ltr'><strong>‘ciunt</strong></span> <span class='ocrx_word' id='word_1_144' title='bbox 441 2281 546 2342; x_wconf 89' lang='lat' dir='ltr'><strong>aetatis</strong></span> <span class='ocrx_word' id='word_1_145' title='bbox 562 2281 646 2356; x_wconf 90' lang='lat' dir='ltr'><strong>eius,</strong></span> <span class='ocrx_word' id='word_1_146' title='bbox 657 2298 718 2361; x_wconf 82' lang='lat' dir='ltr'><strong>qua</strong></span> <span class='ocrx_word' id='word_1_147' title='bbox 731 2280 885 2363; x_wconf 86' lang='lat' dir='ltr'><strong>Avianum</strong></span> <span class='ocrx_word' id='word_1_148' title='bbox 897 2280 1007 2342; x_wconf 86' lang='lat' dir='ltr'><strong>vixisse</strong></span> <span class='ocrx_word' id='word_1_149' title='bbox 1015 2279 1125 2341; x_wconf 87' lang='lat' dir='ltr'><strong>merito</strong></span> <span class='ocrx_word' id='word_1_150' title='bbox 1136 2295 1293 2362; x_wconf 87' lang='lat' dir='ltr'><strong>putamus,</strong></span> 
     </span>
     <span class='ocr_line' id='line_1_21' title="bbox 264 2365 1329 2456; baseline 0.002 -26"><span class='ocrx_word' id='word_1_151' title='bbox 264 2429 268 2440; x_wconf 85' lang='grc'><strong>,</strong></span> <span class='ocrx_word' id='word_1_152' title='bbox 338 2365 407 2450; x_wconf 84' lang='lat' dir='ltr'><strong>quis</strong></span> <span class='ocrx_word' id='word_1_153' title='bbox 428 2389 488 2432; x_wconf 92' lang='lat' dir='ltr'><strong>non</strong></span> <span class='ocrx_word' id='word_1_154' title='bbox 503 2373 618 2434; x_wconf 83' lang='lat' dir='ltr'><strong>¹uideat</strong></span> <span class='ocrx_word' id='word_1_155' title='bbox 638 2390 830 2454; x_wconf 84' lang='lat' dir='ltr'><strong>summopere</strong></span> <span class='ocrx_word' id='word_1_156' title='bbox 855 2389 1039 2456; x_wconf 81' lang='lat' dir='ltr'><strong>repugnate,</strong></span> <span class='ocrx_word' id='word_1_157' title='bbox 1063 2390 1125 2453; x_wconf 88' lang='lat' dir='ltr'><strong>quo</strong></span> <span class='ocrx_word' id='word_1_158' title='bbox 1143 2369 1242 2434; x_wconf 90' lang='lat' dir='ltr'><strong>minus</strong></span> <span class='ocrx_word' id='word_1_159' title='bbox 1262 2371 1294 2432; x_wconf 86' lang='lat' dir='ltr'><strong>in</strong></span> <span class='ocrx_word' id='word_1_160' title='bbox 1322 2391 1329 2402; x_wconf 92' lang='lat'>·</span> 
     </span>
     <span class='ocr_line' id='line_1_22' title="bbox 338 2461 1337 2544; baseline 0.004 -24"><span class='ocrx_word' id='word_1_161' title='bbox 338 2473 474 2541; x_wconf 88' lang='lat' dir='ltr'><strong>tempora</strong></span> <span class='ocrx_word' id='word_1_162' title='bbox 489 2462 712 2526; x_wconf 77' lang='lat' dir='ltr'><strong>Antoninonrm</strong></span> <span class='ocrx_word' id='word_1_163' title='bbox 733 2461 940 2528; x_wconf 85' lang='lat' dir='ltr'><strong>transferatur.</strong></span> <span class='ocrx_word' id='word_1_164' title='bbox 962 2463 1000 2524; x_wconf 88' lang='lat' dir='ltr'><strong>Et</strong></span> <span class='ocrx_word' id='word_1_165' title='bbox 1016 2464 1066 2544; x_wconf 90' lang='lat' dir='ltr'><strong>qui</strong></span> <span class='ocrx_word' id='word_1_166' title='bbox 1082 2463 1118 2523; x_wconf 89' lang='lat' dir='ltr'><strong>ad</strong></span> <span class='ocrx_word' id='word_1_167' title='bbox 1137 2462 1294 2532; x_wconf 52' lang='lat' dir='ltr'><strong>vindicans·</strong></span> <span class='ocrx_word' id='word_1_168' title='bbox 1330 2503 1337 2514; x_wconf 89' lang='lat'><em>-</em></span> 
     </span>
     <span class='ocr_line' id='line_1_23' title="bbox 338 2550 1294 2637; baseline 0.006 -26"><span class='ocrx_word' id='word_1_169' title='bbox 338 2550 456 2614; x_wconf 91' lang='lat' dir='ltr'><strong>damilli</strong></span> <span class='ocrx_word' id='word_1_170' title='bbox 465 2573 546 2618; x_wconf 88' lang='lat' dir='ltr'><strong>aevo</strong></span> <span class='ocrx_word' id='word_1_171' title='bbox 556 2556 733 2620; x_wconf 85' lang='lat' dir='ltr'><strong>latinitatem</strong></span> <span class='ocrx_word' id='word_1_172' title='bbox 748 2557 879 2631; x_wconf 85' lang='lat' dir='ltr'><strong>Aviani,</strong></span> <span class='ocrx_word' id='word_1_173' title='bbox 892 2573 1069 2637; x_wconf 87' lang='lat' dir='ltr'><strong>naevosque</strong></span> <span class='ocrx_word' id='word_1_174' title='bbox 1078 2555 1137 2617; x_wconf 89' lang='lat' dir='ltr'><strong>sril&#39;r</strong></span> <span class='ocrx_word' id='word_1_175' title='bbox 1148 2557 1250 2617; x_wconf 88' lang='lat' dir='ltr'><strong>varios</strong></span> <span class='ocrx_word' id='word_1_176' title='bbox 1261 2571 1294 2618; x_wconf 92' lang='lat' dir='ltr'><strong>et</strong></span> 
     </span>
     <span class='ocr_line' id='line_1_24' title="bbox 338 2647 1295 2736; baseline 0.005 -31"><span class='ocrx_word' id='word_1_177' title='bbox 338 2647 518 2726; x_wconf 83' lang='lat' dir='ltr'><strong>mttltiplices</strong></span> <span class='ocrx_word' id='word_1_178' title='bbox 532 2650 699 2736; x_wconf 84' lang='lat' dir='ltr'><strong>eluendos,</strong></span> <span class='ocrx_word' id='word_1_179' title='bbox 718 2651 867 2712; x_wconf 86' lang='lat' dir='ltr'><strong>insumtus</strong></span> <span class='ocrx_word' id='word_1_180' title='bbox 884 2665 931 2711; x_wconf 89' lang='lat' dir='ltr'><strong>est</strong></span> <span class='ocrx_word' id='word_1_181' title='bbox 945 2648 1049 2724; x_wconf 91' lang='lat' dir='ltr'><strong>labor,</strong></span> <span class='ocrx_word' id='word_1_182' title='bbox 1060 2648 1131 2712; x_wconf 92' lang='lat' dir='ltr'><strong>licet</strong></span> <span class='ocrx_word' id='word_1_183' title='bbox 1145 2649 1196 2711; x_wconf 92' lang='lat' dir='ltr'><strong>ille</strong></span> <span class='ocrx_word' id='word_1_184' title='bbox 1209 2667 1295 2730; x_wconf 85' lang='lat' dir='ltr'><strong>egre·</strong></span> 
     </span>
     <span class='ocr_line' id='line_1_25' title="bbox 338 2738 1292 2824; baseline 0.004 -28"><span class='ocrx_word' id='word_1_185' title='bbox 338 2738 400 2817; x_wconf 81' lang='lat' dir='ltr'><strong>gias</strong></span> <span class='ocrx_word' id='word_1_186' title='bbox 426 2739 655 2824; x_wconf 79' lang='lat' dir='ltr'><strong>observationes</strong></span> <span class='ocrx_word' id='word_1_187' title='bbox 678 2757 710 2800; x_wconf 88' lang='lat' dir='ltr'><strong>et</strong></span> <span class='ocrx_word' id='word_1_188' title='bbox 733 2758 856 2818; x_wconf 83' lang='lat' dir='ltr'><strong>magnas</strong></span> <span class='ocrx_word' id='word_1_189' title='bbox 880 2740 1055 2802; x_wconf 91' lang='lat' dir='ltr'><strong>eruditionis</strong></span> <span class='ocrx_word' id='word_1_190' title='bbox 1080 2757 1157 2820; x_wconf 87' lang='lat' dir='ltr'><strong>opes</strong></span> <span class='ocrx_word' id='word_1_191' title='bbox 1179 2739 1292 2819; x_wconf 85' lang='lat' dir='ltr'><strong>ubique</strong></span> 
     </span>
     <span class='ocr_line' id='line_1_26' title="bbox 338 2829 1292 2918; baseline 0.003 -29"><span class='ocrx_word' id='word_1_192' title='bbox 338 2829 491 2902; x_wconf 82' lang='lat' dir='ltr'><strong>conferat,</strong></span> <span class='ocrx_word' id='word_1_193' title='bbox 509 2846 610 2894; x_wconf 89' lang='lat' dir='ltr'><strong>tamen</strong></span> <span class='ocrx_word' id='word_1_194' title='bbox 624 2835 666 2896; x_wconf 90' lang='lat' dir='ltr'><strong>ira</strong></span> <span class='ocrx_word' id='word_1_195' title='bbox 686 2848 877 2916; x_wconf 85' lang='lat' dir='ltr'><strong>comparatus</strong></span> <span class='ocrx_word' id='word_1_196' title='bbox 894 2851 959 2908; x_wconf 89' lang='lat' dir='ltr'><strong>est,</strong></span> <span class='ocrx_word' id='word_1_197' title='bbox 981 2835 1015 2896; x_wconf 86' lang='lat' dir='ltr'><strong>ul</strong></span> <span class='ocrx_word' id='word_1_198' title='bbox 1028 2833 1180 2918; x_wconf 88' lang='lat' dir='ltr'><strong>plerisque</strong></span> <span class='ocrx_word' id='word_1_199' title='bbox 1199 2832 1229 2892; x_wconf 90' lang='lat' dir='ltr'><strong>in</strong></span> <span class='ocrx_word' id='word_1_200' title='bbox 1244 2831 1292 2892; x_wconf 90' lang='lat' dir='ltr'><strong>lo·</strong></span> 
     </span>
    </p>
   </div>
   <div class='ocr_carea' id='block_1_3' title="bbox 248 2917 1292 3000">
    <p class='ocr_par' dir='ltr' id='par_1_3' title="bbox 248 2917 1292 3000">
     <span class='ocr_line' id='line_1_27' title="bbox 248 2917 1292 3000; baseline 0 -17"><span class='ocrx_word' id='word_1_201' title='bbox 248 2917 251 2922; x_wconf 77' lang='grc'><strong>’</strong></span> <span class='ocrx_word' id='word_1_202' title='bbox 338 2921 381 2984; x_wconf 88' lang='lat' dir='ltr'><strong>cis</strong></span> <span class='ocrx_word' id='word_1_203' title='bbox 398 2924 565 2986; x_wconf 89' lang='lat' dir='ltr'><strong>collocatus</strong></span> <span class='ocrx_word' id='word_1_204' title='bbox 582 2925 612 2986; x_wconf 90' lang='lat' dir='ltr'><strong>in</strong></span> <span class='ocrx_word' id='word_1_205' title='bbox 626 2944 759 3000; x_wconf 90' lang='lat' dir='ltr'><strong>vanum,</strong></span> <span class='ocrx_word' id='word_1_206' title='bbox 781 2940 813 2987; x_wconf 93' lang='lat' dir='ltr'><strong>et</strong></span> <span class='ocrx_word' id='word_1_207' title='bbox 831 2944 888 2987; x_wconf 94' lang='lat' dir='ltr'><strong>suo</strong></span> <span class='ocrx_word' id='word_1_208' title='bbox 911 2925 1025 2988; x_wconf 91' lang='lat' dir='ltr'><strong>effectu</strong></span> <span class='ocrx_word' id='word_1_209' title='bbox 1042 2925 1166 2987; x_wconf 86' lang='lat' dir='ltr'><strong>destitui</strong></span> <span class='ocrx_word' id='word_1_210' title='bbox 1184 2922 1292 2985; x_wconf 88' lang='lat' dir='ltr'><strong>videa-</strong></span> 
     </span>
    </p>
   </div>
   <div class='ocr_carea' id='block_1_4' title="bbox 279 3019 1304 3929">
    <p class='ocr_par' dir='ltr' id='par_1_4' title="bbox 279 3019 1292 3652">
     <span class='ocr_line' id='line_1_28' title="bbox 339 3019 1291 3101; baseline 0.005 -24"><span class='ocrx_word' id='word_1_211' title='bbox 339 3031 407 3091; x_wconf 85' lang='lat' dir='ltr'><strong>tur,</strong></span> <span class='ocrx_word' id='word_1_212' title='bbox 427 3021 601 3101; x_wconf 89' lang='lat' dir='ltr'><strong>relectnque</strong></span> <span class='ocrx_word' id='word_1_213' title='bbox 614 3035 682 3100; x_wconf 86' lang='lat' dir='ltr'><strong>post</strong></span> <span class='ocrx_word' id='word_1_214' title='bbox 695 3021 741 3081; x_wconf 84' lang='lat' dir='ltr'><strong>to&#39;t</strong></span> <span class='ocrx_word' id='word_1_215' title='bbox 760 3019 906 3083; x_wconf 88' lang='lat' dir='ltr'><strong>vindicias</strong></span> <span class='ocrx_word' id='word_1_216' title='bbox 924 3035 1008 3084; x_wconf 82' lang='lat' dir='ltr'><strong>textu</strong></span> <span class='ocrx_word' id='word_1_217' title='bbox 1030 3019 1160 3093; x_wconf 87' lang='lat' dir='ltr'><strong>Aviani,</strong></span> <span class='ocrx_word' id='word_1_218' title='bbox 1178 3019 1291 3082; x_wconf 90' lang='lat' dir='ltr'><strong>nihilo-</strong></span> 
     </span>
     <span class='ocr_line' id='line_1_29' title="bbox 338 3110 1292 3191; baseline 0.003 -21"><span class='ocrx_word' id='word_1_219' title='bbox 338 3110 436 3172; x_wconf 90' lang='lat' dir='ltr'><strong>minus</strong></span> <span class='ocrx_word' id='word_1_220' title='bbox 457 3113 582 3176; x_wconf 87' lang='lat' dir='ltr'><strong>infantia</strong></span> <span class='ocrx_word' id='word_1_221' title='bbox 606 3133 636 3175; x_wconf 90' lang='lat' dir='ltr'><strong>er</strong></span> <span class='ocrx_word' id='word_1_222' title='bbox 657 3113 804 3175; x_wconf 89' lang='lat' dir='ltr'><strong>balburies</strong></span> <span class='ocrx_word' id='word_1_223' title='bbox 826 3115 980 3191; x_wconf 89' lang='lat' dir='ltr'><strong>auctoris,</strong></span> <span class='ocrx_word' id='word_1_224' title='bbox 1004 3114 1129 3176; x_wconf 88' lang='lat' dir='ltr'><strong>meliore</strong></span> <span class='ocrx_word' id='word_1_225' title='bbox 1144 3132 1225 3176; x_wconf 89' lang='lat' dir='ltr'><strong>aevo</strong></span> <span class='ocrx_word' id='word_1_226' title='bbox 1243 3113 1292 3174; x_wconf 90' lang='lat' dir='ltr'><strong>in·</strong></span> 
     </span>
     <span class='ocr_line' id='line_1_30' title="bbox 337 3201 1290 3300; baseline 0.005 -39"><span class='ocrx_word' id='word_1_227' title='bbox 337 3201 443 3290; x_wconf 82' lang='lat' dir='ltr'><strong>digpa,</strong></span> <span class='ocrx_word' id='word_1_228' title='bbox 463 3203 568 3267; x_wconf 88' lang='lat' dir='ltr'><strong>lectori</strong></span> <span class='ocrx_word' id='word_1_229' title='bbox 582 3206 632 3268; x_wconf 90' lang='lat' dir='ltr'><strong>vel</strong></span> <span class='ocrx_word' id='word_1_230' title='bbox 653 3207 753 3268; x_wconf 92' lang='lat' dir='ltr'><strong>invito</strong></span> <span class='ocrx_word' id='word_1_231' title='bbox 773 3224 925 3290; x_wconf 89' lang='lat' dir='ltr'><strong>appareat.</strong></span> <span class='ocrx_word' id='word_1_232' title='bbox 946 3207 1018 3300; x_wconf 67' lang='lat' dir='ltr'><strong>qu</strong></span> <span class='ocrx_word' id='word_1_233' title='bbox 1029 3208 1151 3289; x_wconf 91' lang='lat' dir='ltr'><strong>quidem</strong></span> <span class='ocrx_word' id='word_1_234' title='bbox 1174 3206 1290 3268; x_wconf 87' lang='lat' dir='ltr'><strong>verita-</strong></span> 
     </span>
     <span class='ocr_line' id='line_1_31' title="bbox 336 3293 1291 3382; baseline 0.006 -30"><span class='ocrx_word' id='word_1_235' title='bbox 336 3307 397 3352; x_wconf 92' lang='lat' dir='ltr'><strong>tem</strong></span> <span class='ocrx_word' id='word_1_236' title='bbox 413 3293 493 3355; x_wconf 90' lang='lat' dir='ltr'><strong>ultro</strong></span> <span class='ocrx_word' id='word_1_237' title='bbox 508 3315 541 3356; x_wconf 90' lang='lat' dir='ltr'><strong>se</strong></span> <span class='ocrx_word' id='word_1_238' title='bbox 558 3295 738 3360; x_wconf 89' lang='lat' dir='ltr'><strong>offerentem</strong></span> <span class='ocrx_word' id='word_1_239' title='bbox 762 3299 964 3382; x_wconf 88' lang='lat' dir='ltr'><strong>amplectens,</strong></span> <span class='ocrx_word' id='word_1_240' title='bbox 983 3315 1034 3374; x_wconf 90' lang='lat' dir='ltr'><strong>et,</strong></span> <span class='ocrx_word' id='word_1_241' title='bbox 1057 3297 1128 3381; x_wconf 92' lang='lat' dir='ltr'><strong>quid</strong></span> <span class='ocrx_word' id='word_1_242' title='bbox 1143 3297 1193 3358; x_wconf 92' lang='lat' dir='ltr'><strong>alii</strong></span> <span class='ocrx_word' id='word_1_243' title='bbox 1213 3315 1291 3381; x_wconf 90' lang='lat' dir='ltr'><strong>ope-</strong></span> 
     </span>
     <span class='ocr_line' id='line_1_32' title="bbox 335 3389 1290 3471; baseline 0.008 -27"><span class='ocrx_word' id='word_1_244' title='bbox 335 3401 405 3444; x_wconf 89' lang='lat' dir='ltr'><strong>rose</strong></span> <span class='ocrx_word' id='word_1_245' title='bbox 416 3403 575 3464; x_wconf 84' lang='lat' dir='ltr'><strong>quaerant,</strong></span> <span class='ocrx_word' id='word_1_246' title='bbox 591 3390 778 3464; x_wconf 85' lang='lat' dir='ltr'><strong>incuriosus,</strong></span> <span class='ocrx_word' id='word_1_247' title='bbox 796 3389 879 3453; x_wconf 91' lang='lat' dir='ltr'><strong>omni</strong></span> <span class='ocrx_word' id='word_1_248' title='bbox 896 3408 1021 3454; x_wconf 89' lang='lat' dir='ltr'><strong>assensu</strong></span> <span class='ocrx_word' id='word_1_249' title='bbox 1037 3391 1156 3470; x_wconf 84' lang='lat' dir='ltr'><strong>dignam</strong></span> <span class='ocrx_word' id='word_1_250' title='bbox 1171 3390 1290 3471; x_wconf 85' lang='lat' dir='ltr'><strong>reperio</strong></span> 
     </span>
     <span class='ocr_line' id='line_1_33' title="bbox 337 3477 1291 3566; baseline 0.004 -30"><span class='ocrx_word' id='word_1_251' title='bbox 337 3478 537 3554; x_wconf 87' lang='lat' dir='ltr'><strong>sententiam,</strong></span> <span class='ocrx_word' id='word_1_252' title='bbox 556 3497 575 3540; x_wconf 91' lang='lat' dir='ltr'><strong>a</strong></span> <span class='ocrx_word' id='word_1_253' title='bbox 591 3477 742 3560; x_wconf 89' lang='lat' dir='ltr'><strong>plerisque</strong></span> <span class='ocrx_word' id='word_1_254' title='bbox 761 3499 933 3566; x_wconf 85' lang='lat' dir='ltr'><strong>receptant,</strong></span> <span class='ocrx_word' id='word_1_255' title='bbox 961 3500 1039 3562; x_wconf 86' lang='lat' dir='ltr'><strong>quae</strong></span> <span class='ocrx_word' id='word_1_256' title='bbox 1056 3482 1180 3542; x_wconf 79' lang='lat' dir='ltr'><strong>Flavium</strong></span> <span class='ocrx_word' id='word_1_257' title='bbox 1198 3479 1291 3540; x_wconf 84' lang='lat' dir='ltr'><strong>Avia-</strong></span> 
     </span>
     <span class='ocr_line' id='line_1_34' title="bbox 279 3567 1291 3652; baseline 0 -25"><span class='ocrx_word' id='word_1_258' title='bbox 279 3605 284 3620; x_wconf 79' lang='lat'><strong>·</strong></span> <span class='ocrx_word' id='word_1_259' title='bbox 336 3589 398 3628; x_wconf 81' lang='lat' dir='ltr'><strong>aum</strong></span> <span class='ocrx_word' id='word_1_260' title='bbox 412 3567 618 3632; x_wconf 90' lang='lat' dir='ltr'><strong>Theodosiani</strong></span> <span class='ocrx_word' id='word_1_261' title='bbox 634 3570 703 3632; x_wconf 88' lang='lat' dir='ltr'><strong>aevi</strong></span> <span class='ocrx_word' id='word_1_262' title='bbox 716 3573 913 3652; x_wconf 82' lang='lat' dir='ltr'><strong>scriptorem,</strong></span> <span class='ocrx_word' id='word_1_263' title='bbox 933 3591 989 3636; x_wconf 88' lang='lat' dir='ltr'><strong>nec</strong></span> <span class='ocrx_word' id='word_1_264' title='bbox 1004 3573 1134 3634; x_wconf 88' lang='lat' dir='ltr'><strong>eundem</strong></span> <span class='ocrx_word' id='word_1_265' title='bbox 1149 3589 1220 3634; x_wconf 92' lang='lat' dir='ltr'><strong>cum</strong></span> <span class='ocrx_word' id='word_1_266' title='bbox 1236 3570 1291 3628; x_wconf 76' lang='lat' dir='ltr'><strong>Fr-</strong></span> 
     </span>
    </p>

    <p class='ocr_par' dir='ltr' id='par_1_5' title="bbox 314 3663 1304 3929">
     <span class='ocr_line' id='line_1_35' title="bbox 314 3663 1301 3750; baseline 0 -26"><span class='ocrx_word' id='word_1_267' title='bbox 314 3665 378 3724; x_wconf 85' lang='lat' dir='ltr'><strong>&#39;sto</strong></span> <span class='ocrx_word' id='word_1_268' title='bbox 394 3663 516 3737; x_wconf 79' lang='lat' dir='ltr'><strong>Avieno,</strong></span> <span class='ocrx_word' id='word_1_269' title='bbox 536 3667 587 3728; x_wconf 93' lang='lat' dir='ltr'><strong>sed</strong></span> <span class='ocrx_word' id='word_1_270' title='bbox 605 3667 677 3728; x_wconf 91' lang='lat' dir='ltr'><strong>huic</strong></span> <span class='ocrx_word' id='word_1_271' title='bbox 697 3683 796 3726; x_wconf 88' lang='lat' dir='ltr'><strong>aetate</strong></span> <span class='ocrx_word' id='word_1_272' title='bbox 816 3684 994 3750; x_wconf 86' lang='lat' dir='ltr'><strong>supparem,</strong></span> <span class='ocrx_word' id='word_1_273' title='bbox 1014 3665 1184 3739; x_wconf 82' lang='lat' dir='ltr'><strong>existimat,</strong></span> <span class='ocrx_word' id='word_1_274' title='bbox 1204 3665 1301 3725; x_wconf 65' lang='lat' dir='ltr'><strong>Theo-⁸</strong></span> 
     </span>
     <span class='ocr_line' id='line_1_36' title="bbox 336 3754 1304 3832; baseline -0.002 -14"><span class='ocrx_word' id='word_1_275' title='bbox 336 3756 435 3818; x_wconf 81' lang='lat' dir='ltr'><strong>dorium</strong></span> <span class='ocrx_word' id='word_1_276' title='bbox 457 3774 576 3828; x_wconf 89' lang='lat' dir='ltr'><strong>aurem,</strong></span> <span class='ocrx_word' id='word_1_277' title='bbox 604 3757 653 3832; x_wconf 83' lang='lat' dir='ltr'><strong>cui</strong></span> <span class='ocrx_word' id='word_1_278' title='bbox 677 3756 831 3820; x_wconf 87' lang='lat' dir='ltr'><strong>dedicatae</strong></span> <span class='ocrx_word' id='word_1_279' title='bbox 858 3776 937 3822; x_wconf 88' lang='lat' dir='ltr'><strong>sunt·</strong></span> <span class='ocrx_word' id='word_1_280' title='bbox 952 3757 1087 3831; x_wconf 78' lang='lat' dir='ltr'><strong>fabulae,</strong></span> <span class='ocrx_word' id='word_1_281' title='bbox 1114 3773 1177 3818; x_wconf 93' lang='lat' dir='ltr'><strong>non</strong></span> <span class='ocrx_word' id='word_1_282' title='bbox 1199 3754 1304 3818; x_wconf 80' lang='lat' dir='ltr'><strong>alium</strong></span> 
     </span>
     <span class='ocr_line' id='line_1_37' title="bbox 338 3845 1291 3929; baseline 0 -21"><span class='ocrx_word' id='word_1_283' title='bbox 338 3865 429 3929; x_wconf 84' lang='lat' dir='ltr'><strong>quarn</strong></span> <span class='ocrx_word' id='word_1_284' title='bbox 437 3848 626 3914; x_wconf 88' lang='lat' dir='ltr'><strong>Macrobiurn</strong></span> <span class='ocrx_word' id='word_1_285' title='bbox 636 3845 863 3926; x_wconf 87' lang='lat' dir='ltr'><strong>Theodosium,</strong></span> <span class='ocrx_word' id='word_1_286' title='bbox 876 3847 1134 3926; x_wconf 86' lang='lat' dir='ltr'><strong>Grammaticum,</strong></span> <span class='ocrx_word' id='word_1_287' title='bbox 1147 3846 1291 3910; x_wconf 86' lang='lat' dir='ltr'><strong>Saturna·</strong></span> 
     </span>
    </p>
   </div>
   <div class='ocr_carea' id='block_1_5' title="bbox 1118 4049 1131 4098">
    <p class='ocr_par' dir='ltr' id='par_1_6' title="bbox 1118 4049 1131 4098">
     <span class='ocr_line' id='line_1_38' title="bbox 1118 4049 1131 4098; baseline 0 0"><span class='ocrx_word' id='word_1_288' title='bbox 1118 4049 1131 4098; x_wconf 79' lang='lat' dir='ltr'><strong>l</strong></span> 
     </span>
    </p>
   </div>
   <div class='ocr_carea' id='block_1_6' title="bbox 0 0 1462 4790">
    <p class='ocr_par' dir='ltr' id='par_1_7' title="bbox 0 0 1462 4790">
     <span class='ocr_line' id='line_1_39' title="bbox 0 0 1462 4790; baseline 0 0"><span class='ocrx_word' id='word_1_289' title='bbox 0 0 1462 4790; x_wconf 95' lang='lat' dir='ltr'><strong> </strong></span> 
     </span>
    </p>
   </div>
  </div>
 </body>
</html>
