2848 4792
371 435 433 516 ⁸aad
688 431 1004 493 ANONYMI

372 579 468 657 Spem
481 572 587 637 carnis
603 553 786 655 plus'carne
797 572 904 654 eupit,
919 575 993 656 plus
1004 573 1139 646 foenore
1150 573 1316 661 signnm

274 763 280 774 Q
411 685 582 752 Foenoris:
605 708 640 750 os
658 687 781 768 aperit,
801 687 847 750 eie
860 706 936 780 earo
947 707 1084 769 spesque
1096 686 1200 768 perit.

372 781 446 867 Non
458 803 559 889 igitur
574 803 693 866 debent
707 819 769 883 pro
785 799 879 864 vanis
895 808 982 861 certa
997 797 1151 878 relinqui.
1340 801 1360 861 ⁵

413 915 487 976 Non
502 930 561 976 sua
577 910 607 976 si
623 908 696 990 quis
707 918 809 990 amat,
830 925 908 969 mox
924 916 1011 970 caret
1025 906 1095 996 ipse
1107 906 1185 971 suis.

631 1111 935 1187 FABULA
983 1111 1060 1187 VI.

470 1305 522 1358 DE
548 1301 699 1372 LEOEOE,
727 1300 876 1372 vaccA,
903 1299 1032 1352 CAPRA
1057 1300 1108 1352 ET
1135 1299 1235 1358 QVE.

374 1423 450 1540 Ur
461 1467 588 1531 ratione
599 1466 673 1549 pari
684 1465 835 1528 fortunae
849 1481 986 1526 munera
1002 1472 1146 1546 sumantj

411 1580 551 1639 sumunt
561 1577 676 1638 foedus
688 1575 784 1656 Ovis,
799 1577 919 1657 Capra,
932 1575 1092 1655 Iuvenca,
1109 1577 1188 1638 Leo.

371 1688 493 1748 Cervus
509 1683 614 1761 adest,
630 1699 765 1742 cervum
777 1678 920 1760 rapiunt.
941 1681 1007 1740 Leo
1021 1679 1068 1741 sic
1085 1678 1150 1741 ait:
1169 1681 1282 1744 Heres

411 1791 541 1856 Primae
551 1789 654 1872 partis
666 1806 738 1867 ero;
755 1806 833 1850 nem
850 1787 933 1850 mihi
947 1787 1074 1870 primus
1086 1790 1206 1851 honor.

280 1951 282 1968 ,
371 1901 412 1961 Et
424 1897 506 1962 mihi
517 1895 663 1962 defendit
673 1905 800 1978 partem
812 1894 860 1958 vis
874 1880 980 1978 prima
996 1898 1191 1977 secundam,
1311 1899 1329 1958 5

412 2013 451 2074 Et
463 2009 547 2072 mihi
562 2011 618 2092 dat
633 2006 739 2069 maior
756 2003 851 2068 tertia
865 2003 938 2067 iura
955 2005 1059 2067 labor.

371 2122 412 2182 Et
424 2138 499 2201 pare
511 2126 643 2197 quarta,
663 2114 726 2179 nisi
738 2134 810 2178 mea
826 2114 882 2198 sit,
894 2137 1090 2198 ,rumpemus
1107 2136 1271 2181 amorem.

411 2223 547 2288 Publica
555 2223 644 2286 solus
656 2223 754 2286 habet
770 2219 901 2302 fortior,
917 2221 984 2285 ima
1003 2243 1167 2304 premens.

372 2329 443 2416 [Ne
453 2327 554 2396 societ
568 2327 686 2390 fortem
701 2325 841 2412 fragilis,
860 2330 932 2391 vult
945 2329 1066 2415 pagina
1079 2348 1251 2412 praesens:

316 2459 318 2464 ’
411 2438 495 2499 Nam
512 2433 624 2520 fragili
640 2431 725 2502 fidus
741 2432 861 2498 nesciet
878 2455 947 2498 esse
960 2435 1108 2518 potena]
1292 2459 1327 2500 ιο

614 2631 921 2704 fannia
969 2633 1074 2706 v11.

591 2801 653 2886 lJE
682 2803 865 2854 FEMINA
891 2801 947 2854 ET
974 2803 1103 2856 FURE.

341 3011 348 3042 p
372 2917 521 3033 Fauian
532 2965 612 3026 dum
623 2962 718 3025 nubit
729 2961 810 3045 furi,
824 2964 947 3028 vicinia
959 2970 1094 3054 gaudet,

360 3071 366 3078 ⁴
393 3074 471 3138 -Vir
485 3077 591 3138 bonus
606 3083 638 3134 et
652 3073 796 3154 prudens
814 3071 890 3133 talia
902 3077 1004 3138 verba
1020 3084 1144 3138 movet:

371 3179 427 3240 Sol
440 3178 565 3263 pepigit
577 3199 741 3262 sponsam.
752 3178 839 3240 Iovis
854 3200 948 3242 aures
958 3183 1060 3244 Terra
1071 3183 1211 3263 querelis
1288 3246 1292 3252 .

411 3281 567 3362 Perculit,
585 3293 617 3344 et
628 3303 773 3364 causam,
784 3305 843 3346 cur
856 3284 939 3346 foret
953 3304 1071 3370 aegra,
1083 3287 1184 3349 dedit.

371 3389 446 3454 Sole
456 3408 556 3449 necor
564 3392 653 3452 solo:
672 3392 753 3470 quid
767 3393 868 3457 eritsi
885 3397 1024 3458 creverit
1042 3399 1148 3459 alter?
1301 3406 1323 3467 5

293 3523 295 3531 2
411 3495 501 3581 Quid
514 3497 638 3578 patiar?
654 3501 735 3579 quid
748 3513 823 3587 aget
837 3513 927 3566 tanta
941 3506 1057 3568 caloris
1074 3507 1202 3570 hiems?

371 3604 596 3687 ilicprohibet
608 3626 729 3690 sermo,
743 3610 865 3673 laetum
881 3616 1038 3694 praebere
1056 3615 1202 3677 favorem

398 3709 487 3798 flia,
508 3716 594 3780 male
608 3715 667 3798 qui
680 3715 817 3805 faciunt,
831 3721 885 3786 vel
897 3723 985 3786 mala
997 3721 1083 3789 facta
1092 3731 1220 3806 parant.
