<?xml version="1.0" encoding="UTF-8"?>
<!DOCTYPE html PUBLIC "-//W3C//DTD XHTML 1.0 Transitional//EN"
    "http://www.w3.org/TR/xhtml1/DTD/xhtml1-transitional.dtd">
<html xmlns="http://www.w3.org/1999/xhtml" xml:lang="en" lang="en">
 <head>
  <title>
</title>
<meta http-equiv="Content-Type" content="text/html;charset=utf-8" />
  <meta name='ocr-system' content='tesseract 3.04.00' />
  <meta name='ocr-capabilities' content='ocr_page ocr_carea ocr_par ocr_line ocrx_word'/>
</head>
<body>
  <div class='ocr_page' id='page_1' title='image "./phaedriaugustil05phaegoog_0078.png"; bbox 0 0 2916 4790; ppageno 0'>
   <div class='ocr_carea' id='block_1_1' title="bbox 275 385 1095 514">
    <p class='ocr_par' dir='ltr' id='par_1_1' title="bbox 275 385 1095 514">
     <span class='ocr_line' id='line_1_1' title="bbox 275 385 1095 514; baseline 0.006 -13"><span class='ocrx_word' id='word_1_1' title='bbox 275 385 278 394; x_wconf 74' lang='grc'><strong>’</strong></span> <span class='ocrx_word' id='word_1_2' title='bbox 406 427 481 500; x_wconf 81' lang='lat' dir='ltr'>uu</span> <span class='ocrx_word' id='word_1_3' title='bbox 516 427 828 502; x_wconf 75' lang='lat' dir='ltr'>autunto.</span> <span class='ocrx_word' id='word_1_4' title='bbox 1005 453 1095 514; x_wconf 75' lang='lat' dir='ltr'>mn</span> 
     </span>
    </p>
   </div>
   <div class='ocr_carea' id='block_1_2' title="bbox 57 584 1188 3894">
    <p class='ocr_par' dir='ltr' id='par_1_2' title="bbox 198 584 1165 751">
     <span class='ocr_line' id='line_1_2' title="bbox 198 584 1100 673; baseline 0.003 -23"><span class='ocrx_word' id='word_1_5' title='bbox 198 592 209 608; x_wconf 87' lang='lat'>&#39;</span> <span class='ocrx_word' id='word_1_6' title='bbox 255 589 349 673; x_wconf 83' lang='lat' dir='ltr'>‘quant</span> <span class='ocrx_word' id='word_1_7' title='bbox 362 589 567 652; x_wconf 75' lang='lat' dir='ltr'>recentiorum.</span> <span class='ocrx_word' id='word_1_8' title='bbox 589 609 617 670; x_wconf 75' lang='lat'>3.</span> <span class='ocrx_word' id='word_1_9' title='bbox 631 586 680 648; x_wconf 90' lang='lat' dir='ltr'>De</span> <span class='ocrx_word' id='word_1_10' title='bbox 692 584 830 650; x_wconf 83' lang='lat' dir='ltr'>Phaedro</span> <span class='ocrx_word' id='word_1_11' title='bbox 840 587 1017 671; x_wconf 89' lang='lat' dir='ltr'>antiquitatis</span> <span class='ocrx_word' id='word_1_12' title='bbox 1027 590 1100 653; x_wconf 88' lang='lat' dir='ltr'>scri·</span> 
     </span>
     <span class='ocr_line' id='line_1_3' title="bbox 266 668 1165 751; baseline 0.001 -20"><span class='ocrx_word' id='word_1_13' title='bbox 266 688 349 751; x_wconf 89' lang='lat' dir='ltr'>prore</span> <span class='ocrx_word' id='word_1_14' title='bbox 362 669 543 751; x_wconf 81' lang='lat' dir='ltr'>Disputatio.</span> <span class='ocrx_word' id='word_1_15' title='bbox 557 691 592 744; x_wconf 62' lang='lat' dir='ltr'>a.</span> <span class='ocrx_word' id='word_1_16' title='bbox 607 668 732 730; x_wconf 89' lang='lat' dir='ltr'>lacobsii</span> <span class='ocrx_word' id='word_1_17' title='bbox 744 668 978 732; x_wconf 82' lang='lat' dir='ltr'>Observationes</span> <span class='ocrx_word' id='word_1_18' title='bbox 989 673 1098 734; x_wconf 85' lang='lat' dir='ltr'>aesrhe-</span> <span class='ocrx_word' id='word_1_19' title='bbox 1163 729 1165 740; x_wconf 79' lang='grc'>,</span> 
     </span>
    </p>

    <p class='ocr_par' dir='ltr' id='par_1_3' title="bbox 226 747 1123 1558">
     <span class='ocr_line' id='line_1_4' title="bbox 226 747 1099 820; baseline 0 -6"><span class='ocrx_word' id='word_1_20' title='bbox 226 751 229 756; x_wconf 82' lang='lat'>&#39;</span> <span class='ocrx_word' id='word_1_21' title='bbox 266 752 470 820; x_wconf 73' lang='lat' dir='ltr'>rico-,criticae</span> <span class='ocrx_word' id='word_1_22' title='bbox 486 752 523 812; x_wconf 89' lang='lat' dir='ltr'>de</span> <span class='ocrx_word' id='word_1_23' title='bbox 544 750 663 812; x_wconf 78' lang='lat' dir='ltr'>Phaedri</span> <span class='ocrx_word' id='word_1_24' title='bbox 682 747 803 820; x_wconf 87' lang='lat' dir='ltr'>fabulis,</span> <span class='ocrx_word' id='word_1_25' title='bbox 825 749 1004 814; x_wconf 80' lang='lat' dir='ltr'>Germanice</span> <span class='ocrx_word' id='word_1_26' title='bbox 1023 753 1099 814; x_wconf 89' lang='lat' dir='ltr'>scri-</span> 
     </span>
     <span class='ocr_line' id='line_1_5' title="bbox 265 831 1099 914; baseline 0.005 -22"><span class='ocrx_word' id='word_1_27' title='bbox 265 849 342 912; x_wconf 90' lang='lat' dir='ltr'>ptae.</span> <span class='ocrx_word' id='word_1_28' title='bbox 361 831 438 894; x_wconf 78' lang='lat' dir='ltr'>basis</span> <span class='ocrx_word' id='word_1_29' title='bbox 456 832 591 894; x_wconf 71' lang='lat' dir='ltr'>editionis</span> <span class='ocrx_word' id='word_1_30' title='bbox 610 849 654 892; x_wconf 88' lang='lat' dir='ltr'>est</span> <span class='ocrx_word' id='word_1_31' title='bbox 676 846 774 892; x_wconf 83' lang='lat' dir='ltr'>textus</span> <span class='ocrx_word' id='word_1_32' title='bbox 799 831 977 907; x_wconf 84' lang='lat' dir='ltr'>Burmanni,</span> <span class='ocrx_word' id='word_1_33' title='bbox 999 851 1017 892; x_wconf 92' lang='lat' dir='ltr'>a</span> <span class='ocrx_word' id='word_1_34' title='bbox 1036 851 1099 914; x_wconf 90' lang='lat' dir='ltr'>quo</span> 
     </span>
     <span class='ocr_line' id='line_1_6' title="bbox 265 910 1097 992; baseline 0.002 -19"><span class='ocrx_word' id='word_1_35' title='bbox 265 930 363 973; x_wconf 87' lang='lat' dir='ltr'>tamen</span> <span class='ocrx_word' id='word_1_36' title='bbox 382 931 443 974; x_wconf 91' lang='lat' dir='ltr'>non</span> <span class='ocrx_word' id='word_1_37' title='bbox 465 914 563 992; x_wconf 83' lang='lat' dir='ltr'>paucis</span> <span class='ocrx_word' id='word_1_38' title='bbox 579 910 650 973; x_wconf 90' lang='lat' dir='ltr'>locis</span> <span class='ocrx_word' id='word_1_39' title='bbox 670 912 791 972; x_wconf 86' lang='lat' dir='ltr'>recessit</span> <span class='ocrx_word' id='word_1_40' title='bbox 806 912 919 985; x_wconf 86' lang='lat' dir='ltr'>editor,</span> <span class='ocrx_word' id='word_1_41' title='bbox 943 915 1097 975; x_wconf 83' lang='lat' dir='ltr'>maximam</span> 
     </span>
     <span class='ocr_line' id='line_1_7' title="bbox 263 989 1099 1075; baseline 0.004 -22"><span class='ocrx_word' id='word_1_42' title='bbox 263 991 514 1075; x_wconf 81' lang='lat' dir='ltr'>partem&#39;Codicis</span> <span class='ocrx_word' id='word_1_43' title='bbox 537 989 648 1053; x_wconf 89' lang='lat' dir='ltr'>Perotti</span> <span class='ocrx_word' id='word_1_44' title='bbox 672 992 847 1052; x_wconf 85' lang='lat' dir='ltr'>auctoritate</span> <span class='ocrx_word' id='word_1_45' title='bbox 869 991 970 1055; x_wconf 83' lang='lat' dir='ltr'>tultus.</span> <span class='ocrx_word' id='word_1_46' title='bbox 991 993 1099 1056; x_wconf 85' lang='lat' dir='ltr'>Textui</span> 
     </span>
     <span class='ocr_line' id='line_1_8' title="bbox 265 1071 1100 1148; baseline -0.001 -11"><span class='ocrx_word' id='word_1_47' title='bbox 265 1075 401 1137; x_wconf 88' lang='lat' dir='ltr'>subiecta</span> <span class='ocrx_word' id='word_1_48' title='bbox 421 1076 546 1134; x_wconf 84' lang='lat' dir='ltr'>varietas</span> <span class='ocrx_word' id='word_1_49' title='bbox 559 1071 705 1143; x_wconf 92' lang='lat' dir='ltr'>lectionis,</span> <span class='ocrx_word' id='word_1_50' title='bbox 723 1091 790 1134; x_wconf 92' lang='lat' dir='ltr'>cum</span> <span class='ocrx_word' id='word_1_51' title='bbox 800 1075 1030 1148; x_wconf 87' lang='lat' dir='ltr'>commentario,</span> <span class='ocrx_word' id='word_1_52' title='bbox 1046 1093 1100 1136; x_wconf 84' lang='lat' dir='ltr'>ex-</span> 
     </span>
     <span class='ocr_line' id='line_1_9' title="bbox 265 1152 1099 1236; baseline 0.005 -22"><span class='ocrx_word' id='word_1_53' title='bbox 265 1155 427 1236; x_wconf 90' lang='lat' dir='ltr'>quisitioris</span> <span class='ocrx_word' id='word_1_54' title='bbox 445 1155 596 1214; x_wconf 89' lang='lat' dir='ltr'>doctrinae</span> <span class='ocrx_word' id='word_1_55' title='bbox 613 1153 701 1232; x_wconf 91' lang='lat' dir='ltr'>pleno</span> <span class='ocrx_word' id='word_1_56' title='bbox 707 1197 717 1228; x_wconf 96' lang='lat'>,</span> <span class='ocrx_word' id='word_1_57' title='bbox 736 1152 859 1216; x_wconf 84' lang='lat' dir='ltr'>fortasse</span> <span class='ocrx_word' id='word_1_58' title='bbox 874 1158 970 1214; x_wconf 87' lang='lat' dir='ltr'>tamen</span> <span class='ocrx_word' id='word_1_59' title='bbox 986 1159 1099 1218; x_wconf 65' lang='lat' dir='ltr'>,verbu-</span> 
     </span>
     <span class='ocr_line' id='line_1_10' title="bbox 266 1231 1099 1318; baseline 0.001 -20"><span class='ocrx_word' id='word_1_60' title='bbox 266 1239 351 1298; x_wconf 89' lang='lat' dir='ltr'>siore.</span> <span class='ocrx_word' id='word_1_61' title='bbox 380 1235 505 1318; x_wconf 85' lang='lat' dir='ltr'>Singulis</span> <span class='ocrx_word' id='word_1_62' title='bbox 534 1231 699 1295; x_wconf 84' lang='lat' dir='ltr'>fabularum</span> <span class='ocrx_word' id='word_1_63' title='bbox 727 1233 805 1295; x_wconf 92' lang='lat' dir='ltr'>libris</span> <span class='ocrx_word' id='word_1_64' title='bbox 826 1234 913 1296; x_wconf 91' lang='lat' dir='ltr'>additi</span> <span class='ocrx_word' id='word_1_65' title='bbox 934 1235 1099 1312; x_wconf 85' lang='lat' dir='ltr'>Excursus,</span> 
     </span>
     <span class='ocr_line' id='line_1_11' title="bbox 266 1313 1123 1396; baseline 0.002 -20"><span class='ocrx_word' id='word_1_66' title='bbox 266 1317 296 1376; x_wconf 92' lang='lat' dir='ltr'>in</span> <span class='ocrx_word' id='word_1_67' title='bbox 309 1315 414 1396; x_wconf 78' lang='lat' dir='ltr'>quibus</span> <span class='ocrx_word' id='word_1_68' title='bbox 427 1319 463 1376; x_wconf 88' lang='lat' dir='ltr'>de</span> <span class='ocrx_word' id='word_1_69' title='bbox 480 1316 569 1376; x_wconf 86' lang='lat' dir='ltr'>rebus</span> <span class='ocrx_word' id='word_1_70' title='bbox 589 1315 625 1374; x_wconf 89' lang='lat' dir='ltr'>ad</span> <span class='ocrx_word' id='word_1_71' title='bbox 649 1313 820 1389; x_wconf 85' lang='lat' dir='ltr'>historiam,</span> <span class='ocrx_word' id='word_1_72' title='bbox 845 1317 880 1376; x_wconf 93' lang='lat' dir='ltr'>ad</span> <span class='ocrx_word' id='word_1_73' title='bbox 894 1317 1099 1394; x_wconf 88' lang='lat' dir='ltr'>antiquitates,</span> <span class='ocrx_word' id='word_1_74' title='bbox 1118 1353 1123 1392; x_wconf 74' lang='grc'><strong><em>,</em></strong></span> 
     </span>
     <span class='ocr_line' id='line_1_12' title="bbox 266 1395 1100 1476; baseline 0.002 -20"><span class='ocrx_word' id='word_1_75' title='bbox 266 1415 329 1457; x_wconf 93' lang='lat' dir='ltr'>rem</span> <span class='ocrx_word' id='word_1_76' title='bbox 348 1397 520 1470; x_wconf 85' lang='lat' dir='ltr'>literariam,</span> <span class='ocrx_word' id='word_1_77' title='bbox 535 1395 802 1476; x_wconf 83' lang='lat' dir='ltr'>interpretationem</span> <span class='ocrx_word' id='word_1_78' title='bbox 823 1395 949 1476; x_wconf 89' lang='lat' dir='ltr'>denique</span> <span class='ocrx_word' id='word_1_79' title='bbox 966 1398 1100 1460; x_wconf 86' lang='lat' dir='ltr'>locorum</span> 
     </span>
     <span class='ocr_line' id='line_1_13' title="bbox 263 1474 1005 1558; baseline 0.001 -22"><span class='ocrx_word' id='word_1_80' title='bbox 263 1476 459 1557; x_wconf 76' lang='lat' dir='ltr'>difficilimum</span> <span class='ocrx_word' id='word_1_81' title='bbox 476 1475 686 1555; x_wconf 87' lang='lat' dir='ltr'>pertinentibus</span> <span class='ocrx_word' id='word_1_82' title='bbox 700 1474 821 1540; x_wconf 88' lang='lat' dir='ltr'>uberius</span> <span class='ocrx_word' id='word_1_83' title='bbox 834 1478 1005 1558; x_wconf 90' lang='lat' dir='ltr'>disputatur.</span> 
     </span>
    </p>

    <p class='ocr_par' dir='ltr' id='par_1_4' title="bbox 149 1552 1188 1862">
     <span class='ocr_line' id='line_1_14' title="bbox 149 1552 1101 1642; baseline 0.006 -26"><span class='ocrx_word' id='word_1_84' title='bbox 149 1555 225 1642; x_wconf 79' lang='lat'><em>1807</em></span> <span class='ocrx_word' id='word_1_85' title='bbox 266 1555 385 1619; x_wconf 87' lang='lat' dir='ltr'>Phaedri</span> <span class='ocrx_word' id='word_1_86' title='bbox 400 1556 576 1619; x_wconf 86' lang='lat' dir='ltr'>Fabularum</span> <span class='ocrx_word' id='word_1_87' title='bbox 597 1556 712 1639; x_wconf 87' lang='lat' dir='ltr'>Aesop.</span> <span class='ocrx_word' id='word_1_88' title='bbox 731 1552 810 1618; x_wconf 85' lang='lat' dir='ltr'>Libri</span> <span class='ocrx_word' id='word_1_89' title='bbox 826 1557 866 1620; x_wconf 84' lang='lat' dir='ltr'>V.</span> <span class='ocrx_word' id='word_1_90' title='bbox 883 1576 953 1619; x_wconf 92' lang='lat' dir='ltr'>cunt</span> <span class='ocrx_word' id='word_1_91' title='bbox 972 1557 1050 1620; x_wconf 91' lang='lat' dir='ltr'>notis</span> <span class='ocrx_word' id='word_1_92' title='bbox 1070 1573 1101 1622; x_wconf 88' lang='lat' dir='ltr'>et</span> 
     </span>
     <span class='ocr_line' id='line_1_15' title="bbox 266 1637 1103 1712; baseline 0.002 -14"><span class='ocrx_word' id='word_1_93' title='bbox 266 1639 524 1700; x_wconf 80' lang='lat' dir='ltr'>emendationibus</span> <span class='ocrx_word' id='word_1_94' title='bbox 537 1638 632 1698; x_wconf 80' lang='lat' dir='ltr'>From.</span> <span class='ocrx_word' id='word_1_95' title='bbox 644 1639 700 1698; x_wconf 88' lang='lat' dir='ltr'>los.</span> <span class='ocrx_word' id='word_1_96' title='bbox 712 1637 885 1712; x_wconf 81' lang='lat' dir='ltr'>Desiillmts,</span> <span class='ocrx_word' id='word_1_97' title='bbox 895 1655 933 1699; x_wconf 87' lang='lat' dir='ltr'>ert</span> <span class='ocrx_word' id='word_1_98' title='bbox 944 1638 1008 1700; x_wconf 88' lang='lat' dir='ltr'>eius</span> <span class='ocrx_word' id='word_1_99' title='bbox 1021 1658 1103 1700; x_wconf 89' lang='lat' dir='ltr'>com·</span> 
     </span>
     <span class='ocr_line' id='line_1_16' title="bbox 266 1716 1188 1800; baseline 0.002 -20"><span class='ocrx_word' id='word_1_100' title='bbox 266 1721 409 1787; x_wconf 86' lang='lat' dir='ltr'>mentario</span> <span class='ocrx_word' id='word_1_101' title='bbox 427 1719 559 1800; x_wconf 89' lang='lat' dir='ltr'>pleniore</span> <span class='ocrx_word' id='word_1_102' title='bbox 577 1717 746 1798; x_wconf 88' lang='lat' dir='ltr'>desumptis.</span> <span class='ocrx_word' id='word_1_103' title='bbox 757 1716 857 1782; x_wconf 87' lang='lat' dir='ltr'>Tertia</span> <span class='ocrx_word' id='word_1_104' title='bbox 873 1719 979 1792; x_wconf 86' lang='lat' dir='ltr'>editio,</span> <span class='ocrx_word' id='word_1_105' title='bbox 994 1721 1042 1781; x_wconf 90' lang='lat' dir='ltr'>cui</span> <span class='ocrx_word' id='word_1_106' title='bbox 1055 1738 1101 1783; x_wconf 88' lang='lat' dir='ltr'>ac·</span> <span class='ocrx_word' id='word_1_107' title='bbox 1186 1760 1188 1767; x_wconf 89' lang='lat'>·</span> 
     </span>
     <span class='ocr_line' id='line_1_17' title="bbox 266 1798 1103 1862; baseline -0.001 -1"><span class='ocrx_word' id='word_1_108' title='bbox 266 1817 380 1862; x_wconf 86' lang='lat' dir='ltr'>cessere</span> <span class='ocrx_word' id='word_1_109' title='bbox 404 1802 609 1860; x_wconf 85' lang='lat' dir='ltr'>adnotationes</span> <span class='ocrx_word' id='word_1_110' title='bbox 624 1798 755 1860; x_wconf 83' lang='lat' dir='ltr'>Gallicae</span> <span class='ocrx_word' id='word_1_111' title='bbox 772 1801 796 1860; x_wconf 89' lang='lat'>1.</span> <span class='ocrx_word' id='word_1_112' title='bbox 812 1801 846 1861; x_wconf 90' lang='lat' dir='ltr'>F.</span> <span class='ocrx_word' id='word_1_113' title='bbox 860 1802 949 1862; x_wconf 79' lang='lat' dir='ltr'>A.-</span> <span class='ocrx_word' id='word_1_114' title='bbox 969 1803 1003 1860; x_wconf 78' lang='grc' dir='ltr'>Υ.</span> <span class='ocrx_word' id='word_1_115' title='bbox 1020 1800 1103 1860; x_wconf 84' lang='lat' dir='ltr'>Pari·</span> 
     </span>
    </p>

    <p class='ocr_par' dir='ltr' id='par_1_5' title="bbox 146 1878 1102 2040">
     <span class='ocr_line' id='line_1_18' title="bbox 146 1878 1102 2040; baseline 0.002 -18"><span class='ocrx_word' id='word_1_116' title='bbox 146 1880 690 2024; x_wconf 50' lang='lat' dir='ltr'>„trististristis</span> <span class='ocrx_word' id='word_1_117' title='bbox 712 1878 1102 2040; x_wconf 58' lang='lat' dir='ltr'>tirtamus...</span> 
     </span>
    </p>

    <p class='ocr_par' dir='ltr' id='par_1_6' title="bbox 180 2039 1102 2343">
     <span class='ocr_line' id='line_1_19' title="bbox 180 2039 1102 2113; baseline -0.003 -7"><span class='ocrx_word' id='word_1_118' title='bbox 180 2055 182 2058; x_wconf 82' lang='grc'><strong>’</strong></span> <span class='ocrx_word' id='word_1_119' title='bbox 266 2043 312 2106; x_wconf 91' lang='lat' dir='ltr'>lae</span> <span class='ocrx_word' id='word_1_120' title='bbox 334 2041 477 2104; x_wconf 81' lang='lat' dir='ltr'><strong>XXXIV.</strong></span> <span class='ocrx_word' id='word_1_121' title='bbox 500 2042 533 2104; x_wconf 90' lang='lat' dir='ltr'>ln</span> <span class='ocrx_word' id='word_1_122' title='bbox 552 2059 637 2102; x_wconf 90' lang='lat' dir='ltr'>usum</span> <span class='ocrx_word' id='word_1_123' title='bbox 661 2039 827 2103; x_wconf 89' lang='lat' dir='ltr'>scholarum</span> <span class='ocrx_word' id='word_1_124' title='bbox 845 2040 1023 2113; x_wconf 79' lang='lat' dir='ltr'>adornauit,</span> <span class='ocrx_word' id='word_1_125' title='bbox 1041 2060 1102 2103; x_wconf 91' lang='lat' dir='ltr'>no-</span> 
     </span>
     <span class='ocr_line' id='line_1_20' title="bbox 265 2122 1102 2203; baseline 0.001 -20"><span class='ocrx_word' id='word_1_126' title='bbox 265 2125 394 2203; x_wconf 90' lang='lat' dir='ltr'>tulisque</span> <span class='ocrx_word' id='word_1_127' title='bbox 417 2123 537 2203; x_wconf 87' lang='lat' dir='ltr'>ingenio</span> <span class='ocrx_word' id='word_1_128' title='bbox 563 2124 698 2183; x_wconf 86' lang='lat' dir='ltr'>acuendo</span> <span class='ocrx_word' id='word_1_129' title='bbox 718 2122 942 2184; x_wconf 88' lang='lat' dir='ltr'>inservientibus</span> <span class='ocrx_word' id='word_1_130' title='bbox 966 2122 1102 2184; x_wconf 79' lang='lat' dir='ltr'>instruxit</span> 
     </span>
     <span class='ocr_line' id='line_1_21' title="bbox 267 2201 1101 2343; baseline 0.002 -80"><span class='ocrx_word' id='word_1_131' title='bbox 267 2205 384 2342; x_wconf 56' lang='lat' dir='ltr'>gutlur.</span> <span class='ocrx_word' id='word_1_132' title='bbox 403 2205 479 2343; x_wconf 60' lang='lat' dir='ltr'>gard.</span> <span class='ocrx_word' id='word_1_133' title='bbox 502 2201 596 2264; x_wconf 79' lang='lat' dir='ltr'>Christ.</span> <span class='ocrx_word' id='word_1_134' title='bbox 619 2203 755 2268; x_wconf 76' lang='lat' dir='ltr'>Omelius.</span> <span class='ocrx_word' id='word_1_135' title='bbox 778 2205 894 2278; x_wconf 71' lang='lat' dir='ltr'>otoldi,</span> <span class='ocrx_word' id='word_1_136' title='bbox 915 2205 988 2285; x_wconf 81' lang='lat' dir='ltr'>apud</span> <span class='ocrx_word' id='word_1_137' title='bbox 1003 2207 1046 2264; x_wconf 86' lang='lat' dir='ltr'>W.</span> <span class='ocrx_word' id='word_1_138' title='bbox 1063 2205 1101 2265; x_wconf 87' lang='lat' dir='ltr'>G.</span> 
     </span>
    </p>

    <p class='ocr_par' dir='ltr' id='par_1_7' title="bbox 57 2302 431 2344">
     <span class='ocr_line' id='line_1_22' title="bbox 57 2302 431 2344; baseline 0 -2"><span class='ocrx_word' id='word_1_139' title='bbox 57 2319 66 2332; x_wconf 65' lang='lat' dir='ltr'>r</span> <span class='ocrx_word' id='word_1_140' title='bbox 298 2302 388 2344; x_wconf 60' lang='lat' dir='ltr'>asseri.</span> <span class='ocrx_word' id='word_1_141' title='bbox 424 2327 431 2342; x_wconf 85' lang='grc'><em>.</em></span> 
     </span>
    </p>

    <p class='ocr_par' dir='ltr' id='par_1_8' title="bbox 148 2360 1103 2606">
     <span class='ocr_line' id='line_1_23' title="bbox 148 2360 1103 2446; baseline -0.003 -22"><span class='ocrx_word' id='word_1_142' title='bbox 148 2362 391 2424; x_wconf 75' lang='lat' dir='ltr'>-Phaedri</span> <span class='ocrx_word' id='word_1_143' title='bbox 406 2361 533 2424; x_wconf 87' lang='lat' dir='ltr'>Fabulae</span> <span class='ocrx_word' id='word_1_144' title='bbox 551 2362 663 2444; x_wconf 80' lang='lat' dir='ltr'>Aesop.</span> <span class='ocrx_word' id='word_1_145' title='bbox 677 2361 798 2426; x_wconf 80' lang='lat' dir='ltr'>Accedit</span> <span class='ocrx_word' id='word_1_146' title='bbox 817 2363 973 2446; x_wconf 80' lang='lat' dir='ltr'>Appenditt</span> <span class='ocrx_word' id='word_1_147' title='bbox 990 2360 1103 2425; x_wconf 83' lang='lat' dir='ltr'>fabula·</span> 
     </span>
     <span class='ocr_line' id='line_1_24' title="bbox 269 2441 1100 2523; baseline -0.005 -17"><span class='ocrx_word' id='word_1_148' title='bbox 269 2463 335 2506; x_wconf 90' lang='lat' dir='ltr'>rum</span> <span class='ocrx_word' id='word_1_149' title='bbox 351 2442 594 2509; x_wconf 79' lang='lat' dir='ltr'>arecentioribus</span> <span class='ocrx_word' id='word_1_150' title='bbox 606 2441 815 2523; x_wconf 86' lang='lat' dir='ltr'>Apolognrum</span> <span class='ocrx_word' id='word_1_151' title='bbox 830 2445 1002 2506; x_wconf 91' lang='lat' dir='ltr'>auctoribus</span> <span class='ocrx_word' id='word_1_152' title='bbox 1015 2461 1100 2504; x_wconf 85' lang='lat' dir='ltr'>cont·</span> 
     </span>
     <span class='ocr_line' id='line_1_25' title="bbox 268 2523 988 2606; baseline 0.001 -21"><span class='ocrx_word' id='word_1_153' title='bbox 268 2525 439 2605; x_wconf 79' lang='lat' dir='ltr'>positarum.</span> <span class='ocrx_word' id='word_1_154' title='bbox 450 2523 572 2585; x_wconf 72' lang='lat' dir='ltr'>Dama.</span> <span class='ocrx_word' id='word_1_155' title='bbox 588 2541 613 2583; x_wconf 83' lang='lat' dir='ltr'>et</span> <span class='ocrx_word' id='word_1_156' title='bbox 626 2523 753 2596; x_wconf 80' lang='lat' dir='ltr'>Giessae,</span> <span class='ocrx_word' id='word_1_157' title='bbox 765 2546 783 2582; x_wconf 85' lang='lat' dir='ltr'>a</span> <span class='ocrx_word' id='word_1_158' title='bbox 802 2527 839 2584; x_wconf 82' lang='lat' dir='ltr'>ud</span> <span class='ocrx_word' id='word_1_159' title='bbox 849 2525 945 2606; x_wconf 66' lang='lat' dir='ltr'>Hryqr.</span> <span class='ocrx_word' id='word_1_160' title='bbox 959 2523 988 2586; x_wconf 84' lang='lat'>8.</span> 
     </span>
    </p>

    <p class='ocr_par' dir='ltr' id='par_1_9' title="bbox 152 2547 1105 2765">
     <span class='ocr_line' id='line_1_26' title="bbox 152 2547 1105 2676; baseline -0.007 -7"><span class='ocrx_word' id='word_1_161' title='bbox 152 2605 229 2668; x_wconf 85' lang='lat'>1808</span> <span class='ocrx_word' id='word_1_162' title='bbox 269 2603 522 2668; x_wconf 89' lang='lat' dir='ltr'>Grammatisches</span> <span class='ocrx_word' id='word_1_163' title='bbox 535 2603 666 2664; x_wconf 88' lang='lat' dir='ltr'>Lexicon</span> <span class='ocrx_word' id='word_1_164' title='bbox 683 2602 755 2665; x_wconf 88' lang='lat' dir='ltr'>iiber</span> <span class='ocrx_word' id='word_1_165' title='bbox 774 2547 829 2664; x_wconf 60' lang='lat' dir='ltr'>&lt;fen</span> <span class='ocrx_word' id='word_1_166' title='bbox 846 2603 1011 2676; x_wconf 83' lang='lat' dir='ltr'>Phaedrus,</span> <span class='ocrx_word' id='word_1_167' title='bbox 1032 2601 1105 2663; x_wconf 84' lang='lat' dir='ltr'>wel·</span> 
     </span>
     <span class='ocr_line' id='line_1_27' title="bbox 271 2681 1104 2765; baseline -0.006 -16"><span class='ocrx_word' id='word_1_168' title='bbox 271 2687 341 2749; x_wconf 88' lang='lat' dir='ltr'>ches</span> <span class='ocrx_word' id='word_1_169' title='bbox 364 2685 425 2765; x_wconf 88' lang='lat' dir='ltr'>bey</span> <span class='ocrx_word' id='word_1_170' title='bbox 444 2683 524 2764; x_wconf 88' lang='lat' dir='ltr'>jeder</span> <span class='ocrx_word' id='word_1_171' title='bbox 544 2683 634 2745; x_wconf 89' lang='lat' dir='ltr'>Fabel</span> <span class='ocrx_word' id='word_1_172' title='bbox 659 2685 879 2760; x_wconf 89' lang='lat' dir='ltr'>die-Woerter,</span> <span class='ocrx_word' id='word_1_173' title='bbox 903 2681 1104 2764; x_wconf 86' lang='lat' dir='ltr'>syntactische</span> 
     </span>
    </p>

    <p class='ocr_par' dir='ltr' id='par_1_10' title="bbox 148 2763 1105 2847">
     <span class='ocr_line' id='line_1_28' title="bbox 148 2763 1105 2847; baseline -0.008 -18"><span class='ocrx_word' id='word_1_174' title='bbox 148 2809 158 2820; x_wconf 77' lang='lat'>-</span> <span class='ocrx_word' id='word_1_175' title='bbox 269 2766 329 2836; x_wconf 85' lang='lat' dir='ltr'>und</span> <span class='ocrx_word' id='word_1_176' title='bbox 344 2765 530 2844; x_wconf 88' lang='lat' dir='ltr'>prosodiscbe</span> <span class='ocrx_word' id='word_1_177' title='bbox 541 2764 654 2846; x_wconf 78' lang='lat' dir='ltr'>Regem</span> <span class='ocrx_word' id='word_1_178' title='bbox 670 2764 744 2824; x_wconf 90' lang='lat' dir='ltr'>nach</span> <span class='ocrx_word' id='word_1_179' title='bbox 759 2765 809 2826; x_wconf 90' lang='lat' dir='ltr'>der</span> <span class='ocrx_word' id='word_1_180' title='bbox 823 2783 976 2847; x_wconf 85' lang='lat' dir='ltr'>groessern</span> <span class='ocrx_word' id='word_1_181' title='bbox 995 2763 1105 2825; x_wconf 87' lang='lat' dir='ltr'>Gram-</span> 
     </span>
    </p>

    <p class='ocr_par' dir='ltr' id='par_1_11' title="bbox 272 2844 1104 2924">
     <span class='ocr_line' id='line_1_29' title="bbox 272 2844 1104 2924; baseline -0.002 -16"><span class='ocrx_word' id='word_1_182' title='bbox 272 2847 361 2910; x_wconf 87' lang='lat' dir='ltr'>matilt</span> <span class='ocrx_word' id='word_1_183' title='bbox 373 2865 434 2908; x_wconf 88' lang='lat' dir='ltr'>von</span> <span class='ocrx_word' id='word_1_184' title='bbox 446 2844 590 2918; x_wconf 86' lang='lat' dir='ltr'>Broeder,</span> <span class='ocrx_word' id='word_1_185' title='bbox 611 2845 668 2905; x_wconf 91' lang='lat' dir='ltr'>und</span> <span class='ocrx_word' id='word_1_186' title='bbox 678 2845 865 2907; x_wconf 80' lang='lat' dir='ltr'>erklaerende</span> <span class='ocrx_word' id='word_1_187' title='bbox 874 2845 1104 2924; x_wconf 82' lang='lat' dir='ltr'>Anmerkungett</span> 
     </span>
    </p>

    <p class='ocr_par' dir='ltr' id='par_1_12' title="bbox 151 2925 1157 3410">
     <span class='ocr_line' id='line_1_30' title="bbox 270 2925 1105 3023; baseline -0.006 -34"><span class='ocrx_word' id='word_1_188' title='bbox 270 2927 408 3023; x_wconf 86' lang='lat' dir='ltr'>enthaelt.</span> <span class='ocrx_word' id='word_1_189' title='bbox 423 2925 672 3008; x_wconf 83' lang='lat' dir='ltr'>Herausgegeben</span> <span class='ocrx_word' id='word_1_190' title='bbox 693 2945 755 2990; x_wconf 90' lang='lat' dir='ltr'>von</span> <span class='ocrx_word' id='word_1_191' title='bbox 773 2926 868 2990; x_wconf 70' lang='lat' dir='ltr'>bedu.</span> <span class='ocrx_word' id='word_1_192' title='bbox 879 2927 1009 2988; x_wconf 80' lang='lat' dir='ltr'>Hoerstel.</span> <span class='ocrx_word' id='word_1_193' title='bbox 1026 2925 1105 3006; x_wconf 81' lang='lat' dir='ltr'>Leip-</span> 
     </span>
     <span class='ocr_line' id='line_1_31' title="bbox 151 3007 1105 3181; baseline 0.003 -36"><span class='ocrx_word' id='word_1_194' title='bbox 151 3031 333 3151; x_wconf 50' lang='lat' dir='ltr'>mffilf</span> <span class='ocrx_word' id='word_1_195' title='bbox 343 3007 653 3151; x_wconf 48' lang='grc' dir='ltr'>Ιξῖιγεειέἔάὲειῗυίεωιη</span> <span class='ocrx_word' id='word_1_196' title='bbox 664 3087 751 3152; x_wconf 90' lang='lat' dir='ltr'>Liber</span> <span class='ocrx_word' id='word_1_197' title='bbox 767 3106 888 3163; x_wconf 90' lang='lat' dir='ltr'>novus,</span> <span class='ocrx_word' id='word_1_198' title='bbox 902 3107 939 3181; x_wconf 80' lang='lat' dir='ltr'>ex</span> <span class='ocrx_word' id='word_1_199' title='bbox 959 3105 1012 3151; x_wconf 85' lang='lat' dir='ltr'>nte.</span> <span class='ocrx_word' id='word_1_200' title='bbox 1029 3083 1105 3179; x_wconf 78' lang='lat' dir='ltr'>Cod.</span> 
     </span>
     <span class='ocr_line' id='line_1_32' title="bbox 272 3167 1105 3250; baseline -0.007 -16"><span class='ocrx_word' id='word_1_201' title='bbox 272 3171 427 3234; x_wconf 84' lang='lat' dir='ltr'>Perottino</span> <span class='ocrx_word' id='word_1_202' title='bbox 440 3168 554 3250; x_wconf 81' lang='lat' dir='ltr'>Regiae</span> <span class='ocrx_word' id='word_1_203' title='bbox 572 3169 765 3231; x_wconf 87' lang='lat' dir='ltr'>bibliothecae</span> <span class='ocrx_word' id='word_1_204' title='bbox 785 3187 864 3232; x_wconf 88' lang='lat' dir='ltr'>nunc</span> <span class='ocrx_word' id='word_1_205' title='bbox 877 3186 1001 3247; x_wconf 76' lang='lat' dir='ltr'>primum</span> <span class='ocrx_word' id='word_1_206' title='bbox 1019 3167 1105 3228; x_wconf 88' lang='lat' dir='ltr'>edtdtt</span> 
     </span>
     <span class='ocr_line' id='line_1_33' title="bbox 272 3247 1157 3332; baseline -0.003 -20"><span class='ocrx_word' id='word_1_207' title='bbox 272 3254 296 3312; x_wconf 91' lang='lat'>1.</span> <span class='ocrx_word' id='word_1_208' title='bbox 311 3255 350 3313; x_wconf 84' lang='lat' dir='ltr'>A.</span> <span class='ocrx_word' id='word_1_209' title='bbox 363 3251 492 3314; x_wconf 86' lang='lat' dir='ltr'>Cassirus.</span> <span class='ocrx_word' id='word_1_210' title='bbox 511 3250 637 3331; x_wconf 81' lang='lat' dir='ltr'>Neapoli.</span> <span class='ocrx_word' id='word_1_211' title='bbox 654 3281 688 3296; x_wconf 91' lang='lat'><em>-</em></span> <span class='ocrx_word' id='word_1_212' title='bbox 712 3247 814 3325; x_wconf 90' lang='lat' dir='ltr'>Nihil,</span> <span class='ocrx_word' id='word_1_213' title='bbox 836 3268 950 3332; x_wconf 89' lang='lat' dir='ltr'>praeter</span> <span class='ocrx_word' id='word_1_214' title='bbox 969 3248 1104 3322; x_wconf 83' lang='lat' dir='ltr'>titulum,</span> <span class='ocrx_word' id='word_1_215' title='bbox 1146 3269 1157 3286; x_wconf 73' lang='lat'>.</span> 
     </span>
     <span class='ocr_line' id='line_1_34' title="bbox 273 3330 1150 3410; baseline -0.015 -11"><span class='ocrx_word' id='word_1_216' title='bbox 273 3333 414 3400; x_wconf 80' lang='lat' dir='ltr'>nobisne</span> <span class='ocrx_word' id='word_1_217' title='bbox 430 3331 487 3392; x_wconf 89' lang='lat' dir='ltr'>hoc</span> <span class='ocrx_word' id='word_1_218' title='bbox 504 3330 584 3391; x_wconf 92' lang='lat' dir='ltr'>libro</span> <span class='ocrx_word' id='word_1_219' title='bbox 601 3330 761 3410; x_wconf 78' lang='lat' dir='ltr'>cognitum.</span> <span class='ocrx_word' id='word_1_220' title='bbox 1148 3391 1150 3399; x_wconf 56' lang='grc'>,</span> 
     </span>
    </p>

    <p class='ocr_par' dir='ltr' id='par_1_13' title="bbox 157 3407 1109 3574">
     <span class='ocr_line' id='line_1_35' title="bbox 157 3407 1109 3504; baseline -0.004 -28"><span class='ocrx_word' id='word_1_221' title='bbox 157 3413 233 3504; x_wconf 80' lang='lat'>1809</span> <span class='ocrx_word' id='word_1_222' title='bbox 273 3412 395 3478; x_wconf 88' lang='lat' dir='ltr'>Phaedri</span> <span class='ocrx_word' id='word_1_223' title='bbox 416 3409 563 3482; x_wconf 83' lang='lat' dir='ltr'>Fabulae,</span> <span class='ocrx_word' id='word_1_224' title='bbox 589 3410 617 3471; x_wconf 94' lang='lat' dir='ltr'>in</span> <span class='ocrx_word' id='word_1_225' title='bbox 635 3429 762 3491; x_wconf 89' lang='lat' dir='ltr'>quatuor</span> <span class='ocrx_word' id='word_1_226' title='bbox 780 3407 870 3472; x_wconf 89' lang='lat' dir='ltr'>libros</span> <span class='ocrx_word' id='word_1_227' title='bbox 890 3427 928 3471; x_wconf 87' lang='lat' dir='ltr'>etr</span> <span class='ocrx_word' id='word_1_228' title='bbox 949 3429 1045 3492; x_wconf 85' lang='lat' dir='ltr'>aequo</span> <span class='ocrx_word' id='word_1_229' title='bbox 1065 3409 1109 3472; x_wconf 92' lang='lat' dir='ltr'>di·</span> 
     </span>
     <span class='ocr_line' id='line_1_36' title="bbox 272 3491 1106 3574; baseline -0.002 -20"><span class='ocrx_word' id='word_1_230' title='bbox 272 3495 372 3566; x_wconf 82' lang='lat' dir='ltr'>visae,</span> <span class='ocrx_word' id='word_1_231' title='bbox 396 3493 432 3554; x_wconf 90' lang='lat' dir='ltr'>ab</span> <span class='ocrx_word' id='word_1_232' title='bbox 453 3493 535 3553; x_wconf 91' lang='lat' dir='ltr'>omni</span> <span class='ocrx_word' id='word_1_233' title='bbox 549 3507 656 3572; x_wconf 86' lang='lat' dir='ltr'>genere</span> <span class='ocrx_word' id='word_1_234' title='bbox 678 3491 889 3554; x_wconf 88' lang='lat' dir='ltr'>obscoenitatis</span> <span class='ocrx_word' id='word_1_235' title='bbox 911 3509 1106 3574; x_wconf 81' lang='lat' dir='ltr'>expurgatae,</span> 
     </span>
    </p>

    <p class='ocr_par' dir='ltr' id='par_1_14' title="bbox 152 3571 1149 3654">
     <span class='ocr_line' id='line_1_37' title="bbox 152 3571 1149 3654; baseline -0.003 -20"><span class='ocrx_word' id='word_1_236' title='bbox 152 3581 158 3590; x_wconf 89' lang='lat'><em>&#39;</em></span> <span class='ocrx_word' id='word_1_237' title='bbox 276 3576 310 3636; x_wconf 89' lang='lat' dir='ltr'>ad</span> <span class='ocrx_word' id='word_1_238' title='bbox 333 3572 551 3654; x_wconf 83' lang='lat' dir='ltr'>intelligentiam</span> <span class='ocrx_word' id='word_1_239' title='bbox 573 3575 702 3634; x_wconf 90' lang='lat' dir='ltr'>tironum</span> <span class='ocrx_word' id='word_1_240' title='bbox 723 3571 942 3635; x_wconf 86' lang='lat' dir='ltr'>difficultatibus</span> <span class='ocrx_word' id='word_1_241' title='bbox 970 3572 1106 3652; x_wconf 85' lang='lat' dir='ltr'>gradatim</span> <span class='ocrx_word' id='word_1_242' title='bbox 1147 3613 1149 3620; x_wconf 58' lang='lat'>.</span> 
     </span>
    </p>

    <p class='ocr_par' dir='ltr' id='par_1_15' title="bbox 234 3650 1110 3894">
     <span class='ocr_line' id='line_1_38' title="bbox 234 3650 1109 3814; baseline -0.003 -19"><span class='ocrx_word' id='word_1_243' title='bbox 234 3688 237 3696; x_wconf 81' lang='grc'><strong>’</strong></span> <span class='ocrx_word' id='word_1_244' title='bbox 277 3650 1109 3814; x_wconf 58' lang='lat' dir='ltr'>{illibatis.²..l⁶3l².lti.l{..‘.ll¹.:¹thiili?</span> 
     </span>
     <span class='ocr_line' id='line_1_39' title="bbox 279 3812 1110 3894; baseline -0.006 -19"><span class='ocrx_word' id='word_1_245' title='bbox 279 3819 326 3894; x_wconf 87' lang='lat' dir='ltr'>gia</span> <span class='ocrx_word' id='word_1_246' title='bbox 349 3815 461 3878; x_wconf 88' lang='lat' dir='ltr'>Gallica</span> <span class='ocrx_word' id='word_1_247' title='bbox 485 3813 587 3874; x_wconf 88' lang='lat' dir='ltr'>Latine</span> <span class='ocrx_word' id='word_1_248' title='bbox 613 3815 830 3888; x_wconf 88' lang='lat' dir='ltr'>convertenda,</span> <span class='ocrx_word' id='word_1_249' title='bbox 853 3828 885 3873; x_wconf 91' lang='lat' dir='ltr'>et</span> <span class='ocrx_word' id='word_1_250' title='bbox 909 3812 1110 3874; x_wconf 89' lang='lat' dir='ltr'>Fontanianae</span> 
     </span>
    </p>
   </div>
   <div class='ocr_carea' id='block_1_3' title="bbox 279 3891 1251 3976">
    <p class='ocr_par' dir='ltr' id='par_1_16' title="bbox 279 3891 1251 3976">
     <span class='ocr_line' id='line_1_40' title="bbox 279 3891 1251 3976; baseline -0.005 -22"><span class='ocrx_word' id='word_1_251' title='bbox 279 3895 395 3970; x_wconf 84' lang='lat' dir='ltr'>labpiae</span> <span class='ocrx_word' id='word_1_252' title='bbox 408 3915 443 3956; x_wconf 88' lang='lat' dir='ltr'>ett</span> <span class='ocrx_word' id='word_1_253' title='bbox 460 3891 591 3952; x_wconf 88' lang='lat' dir='ltr'>Phaedro</span> <span class='ocrx_word' id='word_1_254' title='bbox 610 3895 793 3976; x_wconf 87' lang='lat' dir='ltr'>desumptae.</span> <span class='ocrx_word' id='word_1_255' title='bbox 811 3893 931 3957; x_wconf 87' lang='lat' dir='ltr'>Editote</span> <span class='ocrx_word' id='word_1_256' title='bbox 945 3910 974 3956; x_wconf 89' lang='lat' dir='ltr'>et</span> <span class='ocrx_word' id='word_1_257' title='bbox 991 3906 1111 3954; x_wconf 84' lang='lat' dir='ltr'>auctore</span> <span class='ocrx_word' id='word_1_258' title='bbox 1177 3919 1187 3947; x_wconf 67' lang='lat' dir='ltr'>t</span> <span class='ocrx_word' id='word_1_259' title='bbox 1249 3917 1251 3938; x_wconf 75' lang='lat'><strong><em>‚</em></strong></span> 
     </span>
    </p>
   </div>
   <div class='ocr_carea' id='block_1_4' title="bbox 0 0 1469 4790">
    <p class='ocr_par' dir='ltr' id='par_1_17' title="bbox 0 0 1469 4790">
     <span class='ocr_line' id='line_1_41' title="bbox 0 0 1469 4790; baseline 0 0"><span class='ocrx_word' id='word_1_260' title='bbox 0 0 1469 4790; x_wconf 95' lang='lat' dir='ltr'> </span> 
     </span>
    </p>
   </div>
  </div>
 </body>
</html>
