2750 4782
389 447 706 511 rluuusn.
971 459 1020 516 rs.
1105 413 1111 430 “

54 575 92 635 si
113 584 229 656 turpes
243 572 366 636 nitidae
382 577 525 664 mendax
539 574 677 638 infamia
693 579 800 644 lamae
826 593 830 600 '
988 590 1025 647 35

102 677 219 764 Iufigit
231 665 389 757 mactilas,
410 679 490 758 quid
507 680 640 744 nituisse
660 683 774 748 iuvat?

53 785 241 864 Desperat,
258 785 414 867 lugetque
425 787 651 848 senex.'Hunc
667 789 749 852 lenit
764 799 887 874 arator,

103 889 177 972 Qui
191 888 277 951 senis
293 909 371 949 arva
384 889 480 971 colit,
495 911 605 954 annua
620 893 712 956 luera
730 895 851 958 terens:

56 993 288 1056 Me'stimulat
303 993 408 1075 pietas
420 1014 482 1076 pro
500 1004 530 1058 te
545 998 689 1078 perferre
702 999 869 1083 duellum,

106 1101 165 1162 Est
182 1099 265 1160 mihi
279 1121 339 1180 pro
354 1101 489 1166 domino
502 1103 615 1164 dextra
634 1114 746 1186 parata
760 1127 845 1169 meo.
987 1126 1027 1188 4ο
1084 1119 1085 1125 ’
1164 1131 1187 1144 ’·

18 1263 20 1268 ,
59 1205 153 1266 Ecce
168 1202 237 1266 dies
252 1203 374 1285 oritur,
388 1206 479 1268 loeus
490 1216 537 1267 est
549 1217 740 1288 tempusque
754 1210 874 1274 duellis

107 1309 192 1368 Sunt
205 1305 352 1392 pugiles:
375 1299 490 1370 ineunt
504 1317 630 1389 mente,
645 1329 812 1390 manuque
825 1293 936 1377 simul.

62 1413 123 1472 Est
132 1408 247 1490 Equiti
258 1411 407 1492 foedum,
419 1413 509 1490 quod
519 1421 596 1494 stet,
606 1412 664 1490 qui
674 1423 813 1498 pugnet,
825 1427 951 1497 arator3

109 1519 219 1596 Seque
229 1526 322 1598 putat
337 1515 475 1597 victum,
493 1516 530 1578 ui
543 1516 608 1580 cito
619 1517 726 1581 vincat
738 1522 853 1602 Eques,

64 1620 123 1683 Nil
138 1624 180 1690 de
194 1642 228 1686 se
246 1604 364 1684 retinet
375 1620 478 1684 virtus
490 1622 593 1685 oblita
608 1623 728 1697 futuri:
989 1630 1027 1707 45

108 1729 251 1789 Dextera
264 1745 435 1807 corporeas
447 1725 588 1810 prodiga
604 1727 718 1792 fundit
727 1748 818 1812 opes.

67 1832 158 1894 Ictus
174 1831 243 1911 ipse
255 1851 331 1892 suos
345 1829 469 1892 steriles
485 1829 639 1910 expendit
655 1829 691 1891 in
705 1851 804 1913 usus,

111 1933 152 2000 Et
166 1930 286 1994 feriens
301 1934 427 1992 hostem
443 1951 478 1992 se
496 1930 599 2015 magis
613 1932 704 1995 hoste
721 1933 806 1995 ferit.

71 2033 135 2094 Sed
147 2030 298 2114 propriae
312 2031 441 2095 virtutis
453 2052 532 2114 opes
543 2033 714 2096 abscondit
729 2048 853 2121 arator,

100 2136 201 2195 uum
212 2132 302 2196 loeus
318 2150 479 2216 expensae
491 2137 586 2196 detuit
599 2144 630 2195 et
645 2135 727 2195 hora
744 2156 833 2200 suae.
987 2148 1027 2211 50

72 2242 137 2303 Aut
157 2248 250 2301 motu
263 2239 362 2321 fallit,
378 2250 435 2302 aut
450 2239 548 2301 armis
568 2250 726 2320 temperat
741 2240 837 2324 ictus,

113 2343 339 2425 Praedicitque
354 2345 459 2408 minas
476 2344 592 2407 frontis
611 2355 786 2424 utrumque
802 2345 909 2410 iubar.
989 2363 993 2376 '

73 2445 261 2508 Dormitans
274 2444 404 2531 vigilat,
423 2456 454 2506 et
468 2465 594 2507 cessans
612 2444 733 2532 cogitat
745 2447 867 2529 ictum,

4 2565 6 2570 ·
114 2550 310 2612 Etmetuens
322 2550 420 2610 audet
433 2549 564 2628 dextra,
584 2557 739 2629 notatque
756 2552 877 2612 locum.

75 2653 163 2713 Haeo
174 2670 267 2712 mora
282 2670 349 2712 non
360 2649 439 2714 artis
452 2648 553 2730 ratio,
564 2652 622 2712 sed
633 2672 730 2714 causa
744 2652 869 2721 timoris
988 2657 1025 2718 tt
1085 2649 1088 2654 ’

116 2755 281 2818 Creditur:
299 2765 369 2818 arte
380 2756 491 2816 fruens
505 2773 573 2817 esse
591 2753 720 2817 videtur
738 2754 835 2820 iners.

25 2935 27 2940 s
77 2861 201 2922 Gaudet
211 2857 458 2940 Eques,vicisse
468 2860 802 2942 putans,spernitque
812 2862 1012 2946 bubulcum,

115 2953 339 3037 Sudoremque
351 2963 410 3018 suo
424 2957 520 3040 tergit
535 2959 578 3017 ab
594 2977 651 3018 ore
665 2979 772 3021 suum.

79 3065 157 3126 Eece
170 3083 296 3124 moram
309 3061 424 3143 nescit,
436 3062 587 3142 Equitem
597 3065 765 3145 speculata
776 3073 960 3134 morantem
976 3098 980 3104 ¹

111 3167 155 3241 ¹In
172 3162 274 3225 cubiti
287 3165 412 3226 nodum
426 3163 544 3228 rustica
557 3167 650 3228 clava
664 3166 748 3229 ferit.
987 3173 1027 3234 do

80 3271 181 3334 Huius
198 3273 294 3358 plaga
311 3269 376 3336 loci
393 3270 490 3332 totius
508 3271 653 3352 corporis
668 3273 774 3340 aufert

10 3369 14 3382 '
81 3369 86 3378 ’
119 3379 247 3438 Robur:
262 3378 347 3458 cedit
358 3379 479 3459 Eques,
496 3397 595 3458 seque
610 3381 745 3441 cadente
758 3377 858 3441 sedet.

83 3480 207 3546 Ouova
218 3477 421 3560 simplicitas!
440 3483 530 3544 sedet
542 3480 614 3559 iste,
630 3495 790 3561 vocatque
800 3485 984 3567 sedentem,

119 3583 156 3644 Et
165 3579 230 3643 nisi
240 3594 350 3668 surgat
364 3587 484 3667 Eques,
494 3606 628 3672 surgere
640 3589 725 3648 velle
735 3598 842 3673 negat.
919 3657 920 3664 ἵ

84 3693 199 3776 Surge,
211 3690 372 3753 bubulcus
381 3692 442 3754 ait:
461 3693 514 3754 cui
524 3695 635 3774 miles,
652 3697 790 3778 Surgere
803 3696 893 3758 nolo.
973 3777 975 3787 Ι
988 3698 1026 3761 65

120 3802 207 3863 Alter
219 3796 278 3877 ait,
293 3799 427 3884 Sedeas,
442 3821 560 3882 meque
568 3797 683 3866 sedere¹
691 3802 778 3865 lieet.
809 3855 812 3862 .
903 3843 905 3850 ,

1223 621 1229 659 l

173 3900 308 3986 Phaedrus.
591 3897 596 3906 ’
706 3920 735 3958 ιι
