2916 4790
511 473 779 537 LIBERI.
1101 499 1119 562 3

207 619 350 680 Uxorem
364 615 531 694 quondam
547 615 602 677 Sol
623 635 698 678 cum
716 618 814 678 vellet
829 618 964 702 ducere,

167 720 352 780 Clamorem
366 719 478 780 Ranae
493 717 651 780 sustulere
666 719 713 780 ad
727 715 843 780 sidera.
903 759 906 773 ι
994 719 999 730 ”
1129 797 1132 808 Ι

165 823 323 887 Convicio
335 834 503 906 permotus
514 823 641 904 quaerit
655 822 778 906 Iupiter
1098 827 1115 886 5

165 929 303 989 Causam
319 928 481 1007 querelae.
500 930 670 1011 Quaedam
685 939 753 989 turn
770 925 876 1014 stagni
889 925 998 992 incola
1007 947 1020 1000 ἰ,

164 1031 277 1110 Nunc,
297 1028 421 1110 inquit,
435 1047 549 1094 omnes
563 1051 649 1094 unua
664 1030 770 1093 exurit
783 1035 892 1113 lacus,

165 1134 325 1220 Cogitque
342 1133 477 1196 miseras
492 1135 584 1198 arida
598 1138 675 1199 aede
690 1135 814 1198 emori:

165 1241 333 1324 Quidnam
346 1243 494 1306 futurum
507 1252 570 1325 est,
587 1242 616 1306 ai
629 1243 746 1308 crearit
760 1242 904 1308 liberos?

181 1473 189 1526 2
286 1449 864 1550 ‚‘raauaavn.

285 1573 425 1684 tvans
451 1627 506 1682 AD
537 1629 747 1684 Personam
775 1629 994 1684 TRAGICAM.

163 1735 360 1867 Personam
376 1781 532 1868 tragicam
544 1782 630 1844 sorte
644 1782 760 1865 Vulpis
772 1783 913 1864 viderat:

163 1888 192 1947 0
206 1895 328 1966 quanta
341 1885 481 1967 species,
500 1885 623 1968 inquit,
638 1889 806 1950 cerebrum
825 1888 1021 1950 nonhabet!

200 1991 273 2050 Hoc
285 1987 351 2050 illis
366 1985 566 2068 dictumest,
581 1990 702 2070 quibus
714 1992 875 2052 honorem
891 1999 922 2050 et
931 1988 1071 2072 gloriam

94 2101 99 2110 '
161 2093 304 2192 Fortuna
318 2093 450 2176 tribuit,
468 2115 599 2160 sensum
616 2113 825 2156 communem
839 2079 981 2156 abstulit.

273 2333 278 2403 ς
395 2298 965 2372 aanuanuma.

422 2476 579 2530 LUPUS
606 2475 861 2530 ET'GRUISe
1108 2518 1131 2568 y,

161 2581 259 2720 Qm
273 2609 414 2708 pretiuim
433 2624 600 2690 meritiab
611 2623 770 2705 improbis
784 2623 962 2702 desiderat,

157 2729 209 2792 Bis
220 2741 350 2813 peccat:
368 2721 533 2811 primum,
548 2725 705 2808 quoniam
722 2724 875 2812 indignos
891 2723 1040 2804 adiuval3

157 2834 296 2915 Impune
309 2833 400 2895 abire
414 2833 534 2894 deinde
544 2832 626 2919 ¹quia
639 2831 706 2894 iam
719 2852 786 2893 non
796 2830 924 2914 potest.'

198 2939 244 3000 Os
258 2938 449 3013 devoratum
461 2935 555 2997 fauce
573 2955 649 2996 cum
666 2935 814 2994 haereret
829 2931 932 3014 Lupi,
1027 3007 1031 3030 ¹

156 3039 279 3122 Magno
294 3039 407 3100 dolore
423 3015 541 3118 rictus,
557 3035 664 3119 coepit
677 3034 831 3119 singulos·
1090 3033 1108 3093 5

156 3141 283 3202 Illicere
300 3138 422 3220 prelio,
439 3148 476 3200 ut
492 3138 577 3199 illud
593 3138 800 3198 extraherent
815 3132 948 3194 malum.

154 3247 302 3308 Tandem
315 3265 469 3327 persuasa
482 3253 529 3306 est
543 3242 720 3305 iurerando
737 3236 853 3319 GruiS,

154 3351 323 3429 Gulaeque
340 3352 475 3413 credens
487 3343 567 3411 colli
581 3327 843 3431 longitudinem,

153 3451 372 3514 Periculosam
388 3452 466 3516 lecit
483 3450 679 3514 medicinam
695 3452 798 3532 Lupo.

154 3557 218 3616 Pro
231 3576 297 3634 quo
310 3547 384 3619 curn
402 3567 533 3639 pactum
548 3557 709 3643 flagitaret
726 3556 927 3639 praemium:
1067 3575 1105 3616 ro

154 3659 286 3740 Ingrata
304 3679 353 3739 es,
368 3657 492 3740 inquit,
510 3679 567 3723 ore
587 3681 671 3741 quae
689 3672 800 3723 nostro
813 3672 911 3742 caput

153 3757 324 3818 Incolume
340 3757 531 3839 abstuleris,
546 3768 578 3819 et
594 3761 778 3825 mercedem
792 3759 943 3840 postules.
