2910 4786
295 349 409 429 'nu
610 353 962 430 PHAEDRI

276 535 280 556 ¹
312 517 405 610 pori,
430 533 470 588 ut
490 516 538 588 ait
555 516 839 614 Cannegieterus,
861 511 1070 590 libertorum
1090 518 1261 612 potentia.
1285 559 1287 568 .

311 621 491 699 Videntur
515 644 632 698 autern
655 649 738 696 cunr
758 627 951 722 Peniculo,
977 644 1057 698 tum
1079 630 1261 720 Philetus,
1322 623 1325 630 ”

311 735 410 806 cuius
426 733 589 806 meminit
609 716 666 803 lili.
678 735 721 818 V,
734 734 801 803 fab.
822 730 871 804 rb.
887 733 1028 818 Claudii
1043 733 1145 807 fuisse
1160 738 1264 810 liber·

312 847 348 914 ti.
373 847 537 938 Namque
549 844 646 936 apud
660 843 876 914 Gruterum¹
897 845 1048 916 occurrit
1065 845 1098 913 T
1094 847 1135 915 tl
1149 843 1262 932 Claud

309 958 478 1030 Philetus.
502 973 538 1026 et
560 955 629 1026 alio
646 959 751 1025 loco²
770 953 915 1024 Philetus
936 955 1066 1024 libertus
1084 955 1121 1023 in
1142 954 1259 1046 lapide

308 1063 492 1147 Brixiensi3
516 1061 665 1136 Veletris
680 1077 797 1132 autern
824 1063 859 1130 in
873 1061 1078 1152 pavimento
1099 1063 1261 1134 ecclesiae

308 1179 512 1252 'cathedralis
534 1178 658 1273 legitur
683 1177 715 1245 T
712 1179 751 1250 it.
769 1177 817 1246 Οἱ.
834 1176 980 1246 Philetas
992 1177 1089 1268 Lib.3
1107 1170 1177 1246 Sed
1200 1178 1261 1248 virt
1349 1197 1358 1202 ·

309 1287 573 1374 dubitandum,
602 1287 712 1358 libros
744 1302 957 1356 memoratos
985 1309 1059 1356 non
1085 1285 1150 1356 nisi
1181 1299 1262 1378 post

306 1394 454 1467 Phaedri
466 1383 604 1467 exitum
626 1397 742 1466 lucetn
763 1395 966 1489 adspexisse.
991 1392 1145 1490 Accepta
1164 1396 1260 1466 enirn

308 1500 403 1586 trinta
419 1503 574 1574 efabulis
588 1491 803 1589 kalamitate,
823 1526 866 1573 an
882 1501 1052 1574 credibile
1066 1521 1137 1588 est,
1152 1503 1262 1573 Phae·
1316 1492 1318 1496 ’

193 1657 204 1680 .
307 1610 438 1710 drum,
463 1629 519 1681 tot
538 1610 718 1682 aerumnas
739 1633 964 1702 perpessum,
987 1611 1031 1682 de
1052 1610 1179 1694 fabulis
1197 1611 1260 1680 de·

307 1743 383 1807 nuo
397 1720 542 1818 edendis
558 1721 781 1817 cogitavisse?
804 1719 917 1790 irnrno
932 1720 1036 1806 ver0‘‚
1057 1720 1158 1791 omni
1174 1720 1262 1794 libe·

307 1849 399 1902 ratus
420 1829 598 1922 periculo,
626 1818 710 1899 ndril
734 1831 829 1922 prius
853 1831 1034 1916 habuerit,
1058 1832 1146 1903 nihil
1169 1830 1265 1902 anti-

308 1941 435 2030 quius,
461 1959 569 2030 quarn
584 1956 624 2008 ut
641 1938 677 2006 in
693 1939 786 2008 dulci
799 1955 1058 2008 consenesceret
1073 1940 1154 2009 otio.
1167 1955 1184 2003 4

317 2059 514 2167 Quando
537 2059 606 2128 rita
620 2059 801 2128 excesserit
821 2053 1018 2143 Phaedrus,
1041 2055 1114 2128 noir
1136 2054 1259 2152 liquet.
1325 2069 1329 2076 ’
1381 2145 1385 2154 ¹

283 2249 284 2252 Ἴ
307 2173 381 2275 Qui
399 2169 559 2242 verootsi
579 2164 623 2240 ad
643 2192 817 2240 summam
839 2183 1057 2240 senectutem
1071 2169 1192 2241 vixisse
1206 2172 1261 2268 vi·

306 2280 426 2365 detur,
454 2297 495 2352 ut
519 2303 538 2350 e
562 2260 743 2350 nonnullis
766 2275 976 2350 fabularum
991 2278 1129 2361 locis,
1121 2300 1158 2347 rn
1178 2279 1261 2370 qui·
1244 2287 1278 2333 ,a

228 2419 230 2426 ·
306 2391 372 2460 bus
391 2389 578 2466 senectutis
598 2385 679 2460 suae
698 2388 920 2460 mentionem
942 2389 1045 2476 facit,
1064 2402 1169 2460 tnon
1192 2389 1260 2460 ob·

304 2519 402 2566 acute
427 2496 544 2596 colligi
573 2513 706 2592 potest3
733 2497 778 2567 ad
803 2496 1003 2590 Vespasiani
1028 2515 1171 2584 tamen,
1197 2515 1261 2570 aut

276 2698 281 2714 .
306 2603 504 2676 Domitiani
524 2619 684 2698 tempora
707 2604 744 2675 in
763 2605 850 2676 vivis
865 2603 984 2691 fuisse,
1007 2605 1108 2698 quod
1126 2599 1259 2704 Pagen'·¹

306 2713 480 2785 necherus
493 2711 700 2798 contendit,
714 2716 774 2782 vix
787 2732 837 2780 est
850 2710 1027 2782 credibile.

295 2853 304 2864 ‘
355 2833 524 2903 Naturam
545 2832 703 2904 habuisse
727 2833 927 2911 Phaedrum
949 2834 1131 2926 probitatis
1149 2855 1259 2932 atque

307 2942 495 3010 honestatis
507 2961 702 3029 amantem,
726 2959 782 3014 tot
800 2942 955 3038 egregiae
975 2944 1167 3018 ostendunt
1180 2973 1257 3018 sen-

278 3141 282 3148 *
305 3050 455 3138 tentiae,
475 3053 567 3142 quae
592 3050 713 3120 ineius
731 3050 930 3120 fabularum
945 3055 1123 3142 opusculo
1134 3057 1258 3154 legun·

251 3257 254 3263 .
305 3177 372 3228 tur.
394 3157 435 3229 ld
457 3159 574 3254 ipsum
592 3159 773 3253 probitatis
796 3160 1004 3253 animosque
1024 3163 1214 3237 hominum
1238 3190 1257 3236 a

306 3267 394 3338 vitiis
413 3268 457 3338 ad
481 3273 646 3341 virtutem
668 3268 877 3384 traducendi
895 3270 1076 3370 studium,
1095 3295 1170 3344 non
1184 3300 1258 3346 nra-

818 3387 823 3420 l

348 3466 358 3500 r
384 3449 412 3503 ln
423 3451 539 3522 Corpore
558 3453 690 3524 Inscriptt.
708 3473 764 3527 pag.
846 3453 1030 3517 thesbillonii
1049 3455 1125 3526 Disp.
1142 3455 1174 3510 tle
1197 3455 1257 3508 Vita

308 3541 462 3584 ucrxxvu.
476 3547 500 3584 r.
676 3545 680 3562 l
805 3533 942 3604 Phaedrip.
953 3549 1007 3586 xtr.
1101 3557 1103 3564 .
1126 3557 1129 3562 ¹

342 3607 421 3660 alib.
434 3611 478 3664 cit.
492 3630 517 3679 p.
528 3623 634 3663 eccur
643 3628 669 3676 4
843 3610 1258 3675 5Hucmaximerefttuntvirido·

341 3701 354 3753 3
373 3685 433 3738 vid.
447 3687 509 3740 Nor.
522 3687 600 3740 Gudii
616 3690 646 3742 td
660 3687 765 3742 Phaedri
804 3688 839 3741 eti
848 3689 903 3790 Lib
912 3692 949 3746 V
955 3690 1013 3742 ras.
1021 3701 1052 3744 x.

299 3752 402 3818 ‘bian
414 3766 472 3822 Μ).
482 3784 509 3821 ι.
522 3781 562 3824 ιο.
