2848 4792
119 3583 124 3614 t

343 409 453 494 tu·
552 364 1142 476 susurravrm¹

338 559 399 622 Ille
413 567 522 620 tamen
534 556 630 620 solito
643 565 863 635 contorquens
880 555 944 617 tela
961 556 1097 638 lacerto,
1138 575 1140 578 ·
1303 560 1324 621 5
1406 597 1407 618 t

380 662 473 723 Nun'c
490 659 567 740 tibi,
586 659 692 740 qualis
708 679 815 740 eram,
832 659 966 722 nuntius
980 657 1040 720 iste
1055 658 1168 722 refert.

339 764 379 824 Et
394 763 494 825 simul·
507 763 623 826 emisso
644 761 808 824 transiecit
822 761 946 824 viscera
962 762 1066 843 ferro,
1127 799 1129 802 -

379 868 634 954 Perstrinxitque
649 865 728 928 citos
744 870 836 929 hasta
854 850 987 930 cruenta
1004 869 1110 949 pedes.

338 972 481 1042 Molliter
495 968 640 1032 adfixum
654 971 795 1034 traheret
808 987 883 1032 cum
894 969 1004 1034 saucia
1017 970 1135 1049 telum,

378 1078 412 1136 A*
426 1075 552 1157 trepida
567 1075 670 1138 fertur
686 1077 784 1157 vulpe
800 1085 923 1136 retenta
934 1075 1001 1148 diu.
1135 1109 1136 1114 κ
1267 1097 1311 1139 ιο

337 1183 427 1244 Dum
440 1191 550 1267 rogat,
564 1183 652 1243 unde
665 1181 763 1262 foret,
774 1179 833 1261 qui
844 1179 922 1243 talia
932 1183 1069 1243 vulnera
1082 1180 1204 1261 ferret,

379 1290 442 1348 Aut
464 1285 600 1349 ubinam
613 1287 759 1350 iaculum
774 1287 953 1368 delituisset
967 1289 1089 1373 agens?

337 1389 400 1454 Illa
414 1410 564 1476 gemens,
584 1389 863 1470 fractoqueloqui
876 1389 931 1452 vix
946 1409 1115 1452 murmure
1132 1388 1264 1471 coepit3

378 1500 461 1556 Nam
474 1496 584 1558 solitas
602 1516 698 1560 voces
711 1497 761 1558 ira
776 1497 935 1576 dolorque
946 1496 1044 1580 rapit:

339 1603 436 1664 Nulla
450 1601 581 1681 quidem
598 1600 706 1664 medio
719 1602 871 1664 convenit
884 1601 920 1663 in
933 1621 1052 1687 aggere
1066 1604 1189 1684 forma,
1254 1601 1295 1666 15

379 1711 536 1791 Quaeque
552 1706 657 1770 oculis
670 1706 751 1770 olim
764 1707 806 1770 sit
822 1711 997 1790 repetenda
1011 1709 1107 1784 meis;

339 1811 402 1872 Sed
419 1832 530 1904 cruor2
550 1821 582 1876 et
599 1813 716 1878 validis
727 1814 764 1878 in
780 1835 834 1876 mc
848 1821 994 1877 contorta
1012 1801 1140 1880 lacertis

380 1918 564 1997 Ostendunt
583 1918 727 1999 aliquem
747 1921 809 1982 tela
827 1919 925 1982 fuisse
941 1921 1061 1984 virum.

338 2025 435 2086 Bruta
446 2023 522 2085 licet
536 2026 661 2086 soleant
679 2022 833 2088 animalia
847 2022 920 2086 iure
933 2007 1040 2086 timeri
1048 2069 1070 2106 ‚N
1104 2015 1108 2022 ’

380 2129 542 2194 Omnibus
556 2141 602 2194 est
616 2129 683 2194 illis
694 2133 770 2213 plus
789 2133 983 2196 metuendus
1000 2133 1112 2195 homo.
1255 2151 1295 2196 ao

544 2313 843 2406 staura
894 2325 1079 2408 xvru.

462 2517 467 2527 ·
544 2470 552 2480 ’
584 2473 811 2563 χιυνιεΝοι
840 2508 895 2560 ar
921 2507 1032 2572 nso.v

258 2689 262 2694 -
341 2610 532 2752 Qulruon
545 2661 713 2726 immensis
729 2663 895 2741 quondam
907 2677 967 2744 per
977 2628 1071 2743 piata
1082 2656 1230 2724 iuvencis

380 2771 493 2830 Fertur
504 2768 668 2834 amicitiae
686 2777 776 2832 tanta
785 2768 885 2830 fuisse
897 2766 993 2847 fides,
1005 2783 1009 2789 ·

338 2873 383 2934 Ut
397 2873 495 2937 simul
511 2872 644 2937 emissos
656 2875 768 2936 nullus
781 2871 950 2934 divelleret
959 2890 1070 2954 error,

377 2981 501 3044 Rursus
515 2990 547 3043 et
564 2988 690 3062 epastu
711 2981 806 3042 turba
823 2977 945 3040 rediret
961 2995 1085 3040 amans.
1103 2999 1104 3004 ¹
1141 2958 1143 2963 ³
1202 3009 1206 3014 ·

337 3083 407 3145 Hos
418 3100 549 3163 quoque
562 3080 687 3144 collatis
703 3079 789 3143 inter
800 3099 834 3142 se
851 3067 1005 3143 cornibus
1022 3080 1138 3168 ingens
1273 3082 1291 3141 5

378 3183 505 3246 Dicitur
514 3183 550 3244 in
563 3183 654 3246 silvis
662 3182 873 3266 'pertimuisse
887 3184 963 3245 Leo.

336 3291 424 3350 Dum
436 3299 540 3352 metus
551 3291 695 3376 oblatam
706 3289 860 3372 prohibet
871 3299 994 3372 tentare
1004 3290 1153 3374 rapinam
1159 3333 1185 3373 ‚1
1238 3277 1242 3282 ’

306 3389 308 3392 ’
377 3396 417 3454 Et
429 3393 613 3472 coniuratos
624 3397 735 3457 horret
747 3395 838 3458 adire
853 3398 971 3472 boves3

291 3577 297 3598 ι
331 3505 376 3593 ,Εἰ
387 3499 536 3584 quamvis
551 3501 845 3592 audaxfsactisque
859 3499 1036 3565 immanior
1050 3507 1147 3582 essct,
1196 3553 1201 3570 ,

280 3666 286 3681 ,
377 3611 556 3671 Tantorum
568 3608 656 3672 solus
668 3605 793 3672 viribus
807 3610 914 3692 impar
931 3602 1023 3670 erat:
1047 3619 1059 3666 1·
1253 3623 1291 3664 ro

336 3716 694 3805 Protinus-adgreditur
707 3718 816 3802 pravis
831 3717 979 3780 insistere
994 3705 1120 3796 uerbis,
1178 3715 1183 3722 '

378 3816 536 3884 Collisum
550 3823 685 3906 cupiens
701 3817 874 3884 dissociare
891 3837 1009 3911 pecus·x
