2916 4790
1056 543 1092 604 ¹9

252 785 920 936 ‚unacort

419 1002 802 1068 ¹AUGUSTILIBERTI

166 1169 596 1286 FABULARUM
621 1155 1092 1280 AESOPIARUM·

254 1501 262 1518 ι
349 1403 526 1476 mmm
557 1400 887 1479 SECUNDUS,

454 1701 787 1810 nuc‘ronl

21 1897 24 1904 ’
140 1853 326 1968 Exenrms
340 1897 526 1962 continetur
542 1898 661 1980 Aesopi
679 1919 803 1984 genus,

38 2067 42 2078 ,
139 2009 168 2068 N
171 2027 207 2068 ec
221 2006 313 2082 aliud
327 2005 507 2085 quidquam
522 2025 582 2087 per
595 2005 730 2067 fabellas
745 2003 927 2096 quaeritur,

14 2169 17 2176 ,
141 2113 251 2192 Quam
264 2109 445 2195 corrigatur
462 2129 555 2172 error
577 2118 613 2171 ut
633 2107 839 2191 mortalium,

32 2287 37 2290 ,
140 2214 311 2290 Acuatque
325 2231 393 2273 sese
410 2211 550 2296 diligens
568 2211 739 2273 industria.

130 2317 341 2403 ,Quicunque
359 2315 458 2382 fuerit
472 2337 550 2402 ergo
569 2317 727 2379 narrandi
739 2320 847 2400 loona,
1077 2323 1094 2387 5

139 2427 232 2488 Dum
245 2419 352 2503 capiat
367 2439 495 2501 aurem,
514 2428 546 2480 et
559 2430 664 2480 servet
685 2419 892 2500 propositum
908 2441 1022 2506 suum,

139 2533 191 2594 Re
206 2527 471 2605 commendatur,
488 2543 556 2586 non
572 2522 712 2584 auctoris
726 2521 872 2588 nomine.

138 2631 303 2714 Equidem
321 2630 413 2694 omni
428 2619 505 2692 cura
519 2648 645 2692 morem
655 2615 793 2692 servabo
805 2628 908 2698 senis:

138 2742 203 2803 Sed
215 2738 244 2802 si
261 2737 394 2800 libuerit
414 2735 541 2816 aliquid
557 2736 786 2818 interponere,

138 2844 315 2907 Dictorum
330 2828 442 2904 senius
455 2852 492 2903 ut
504 2842 641 2908 delectet
656 2840 813 2924 varietas,

54 3010 60 3021 ,
138 2955 248 3014 Bonas
262 2948 299 3010 in
312 2958 434 3031 partes,
455 2950 586 3030 Lector,
605 2948 746 3031 accipias
765 2948 868 3014 velim

138 3063 207 3141 lta,
222 3057 250 3121 si
261 3059 426 3139 rependet
437 3055 530 3119 illam
542 3056 684 3120 brevitas
697 3055 855 3141 gratiam:

141 3167 244 3230 Cuius
262 3166 400 3226 verbosa
415 3185 456 3225 ne
472 3163 514 3226 sit
529 3161 787 3242 commendatio,

141 3266 297 3344 Attende,
316 3286 374 3326 cur
389 3283 510 3348 negare
528 3264 654 3348 cupidis
674 3266 808 3338 debeas;

142 3366 299 3432 Modestis
315 3366 414 3430 etiarn
433 3361 571 3450 offerre,
587 3368 676 3447 quod
695 3386 763 3430 non
777 3364 946 3462 petierint,
1059 3369 1096 3428 15

393 3511 818 3612 'ranucn'r

289 3689 600 3764 tuvssncue,csso
627 3692 677 3742 ET
701 3690 955 3742 PRAEDATOR·

146 3781 268 3900 Surae
285 3829 462 3892 iuvencum
480 3833 584 3893 stabat
602 3813 762 3894 deiectum
781 3833 862 3902 Leo:

142 3935 322 3998 Praedator
335 3931 526 4015 intervenit,
544 3945 671 4015 partem
687 3933 866 4017 postulans.
