2910 4786
458 387 463 398 ·
530 373 728 448 vtffe.
1008 396 1110 458 xxnt

125 629 130 640 .
156 531 297 620 scribit,
313 533 380 605 ritu
388 531 485 602 morti
488 534 618 630 propior
630 550 679 602 ert
691 534 849 629 quotidier
863 552 899 608 et
909 559 995 608 mox
1008 585 1019 620 ‚
1035 539 1108 610 larr-

156 646 287 737 guentis
308 644 378 712 aevi
394 640 469 710 dum
487 658 565 713 runt
589 643 712 738 aliquae
738 643 911 739 reliquiae.-
936 643 1032 716 idem
1056 665 1109 716 te·

90 805 94 820 .
158 777 242 824 men
262 751 362 836 addit
378 775 410 822 v.
433 751 485 824 16.
506 773 562 838 17·
578 753 752 823 elim·senio
769 753 897 822 debilem
900 752 1036 851 frustra
1049 741 1108 828 id·
1159 741 1164 754 ⁸

157 866 268 942 iuvare
285 863 408 932 bonitas
427 864 550 932 nitetur
564 879 630 932 tua.
651 859 703 931 Ex
714 885 792 953 quo
804 879 898 932 recte
909 878 1025 955 potest
1037 867 1128 950 col·x

156 969 237 1067 ligi,
253 968 450 1040 Phaedrum
464 987 566 1053 turn,
583 991 666 1072 cunr
681 967 868 1066 Epilogurn
880 969 942 1038 lib.
957 971 1015 1040 llL
1029 972 1117 1042 lite--

157 1079 201 1146 ris
220 1077 426 1161 mandaret,
449 1099 568 1166 neque
584 1087 703 1146 senem
720 1073 844 1162 fuisse,
868 1099 987 1168 neque
1009 1079 1108 1148 senio

156 1185 375 1277 proximum.
390 1183 517 1275 Itaque
534 1171 576 1256 cd
598 1183 756 1276 largusne
774 1208 884 1256 arvum
897 1209 935 1254 v.
952 1207 1006 1276 15·
1025 1183 1108 1260 didi

156 1293 296 1390 Epilogi
315 1317 391 1364 non
420 1292 467 1363 de
488 1311 692 1380 senectute,
716 1294 777 1364 sed
801 1295 872 1365 vitu
897 1296 1065 1384 Phaedri,
1089 1321 1109 1369 a

157 1401 349 1473 noxiorum
369 1398 563 1472 insolentiis
584 1423 696 1496 pressa
716 1403 772 1496 (v.
785 1403 867 1496 31.)
888 1421 927 1474 es
947 1429 1109 1478 moerore
1208 1451 1213 1473 .

158 1510 339 1597 confecta,
364 1508 513 1608 intelligi
533 1533 633 1604 porse
646 1510 797 1583 videtur.
815 1509 885 1582 'Fac
903 1511 1027 1602 etiem,
1049 1513 1110 1584 Li·

157 1623 211 1695 bri
226 1623 271 1694 V.
283 1621 365 1694 Fau.
378 1641 414 1692 x.
432 1621 479 1692 de
494 1621 620 1696 fabulis
632 1621 781 1694 Phaedri
794 1647 932 1698 summa
943 1643 1108 1696 senectu-

157 1749 194 1804 te
213 1732 415 1827 compositis
434 1753 505 1801 erse
528 1729 756 1824 capiendum
778 1730 842 1800 etsi
868 1733 938 1802 alio
959 1755 1109 1824 quoque

157 1840 269 1912 modo
293 1838 459 1935 explicari
478 1839 603 1932 possit:
626 1839 687 1910 vix
711 1857 831 1910 tamen
854 1851 960 1934 po'eta
975 1839 1110 1911 fabulae

156 1951 201 2022 ad
219 1972 332 2022 unam
359 1972 484 2020 omnes
508 1963 621 2020 aetate
655 1948 832 2044 decrepita
859 1949 966 2022 literis
994 1950 1108 2022 consi·

156 2083 276 2155 gnasse
287 2058 543 2132 existimandus
562 2075 622 2132 est.
651 2059 781 2151 Neque
800 2060 940 2132 etiame
956 2059 1034 2132 Lib.
1049 2059 1107 2136 lll.

156 2167 239 2238 Feb.
252 2187 276 2238 1.
300 2166 369 2238 hoc
390 2166 580 2238 tuto'effici
602 2191 703 2260 posse
722 2183 841 2240 censet
861 2169 908 2239 cl.
926 2167 1047 2240 lacobs
1070 2170 1108 2240 in

157 2273 396 2366 disputatione
408 2273 453 2344 de
465 2273 736 2344 Fabulatoribus
747 2273 878 2344 Latinis
890 2299 967 2372 pag.
977 2301 995 2370 3
1001 2301 1032 2368 3.
1045 2273 1108 2347 ubi

155 2381 278 2454 laudat
297 2379 324 2450 F
327 2381 441 2451 unccii
456 2379 670 2477 Apologiam
689 2403 756 2474 pru
779 2381 938 2454 Phaedro
958 2407 1035 2478 png.
1051 2385 1109 2474 36.

155 2489 219 2564 etsi
233 2487 451 2576 Phaedrum,
469 2479 582 2558 aelate
599 2505 832 2582 provectum,
853 2489 973 2561 sinon
988 2514 1110 2564 nutriet

155 2597 311 2684 fabular,
332 2616 426 2668 certe
446 2611 605 2690 partem,
625 2595 794 2690 scripsisse
806 2613 921 2690 putet.
942 2658 944 2669 .
1051 2631 1055 2638 ·

202 2704 281 2777 Sub
303 2706 454 2790 Claudio
474 2705 666 2798 scripsisse,
693 2724 729 2776 et
741 2707 809 2776 sub
825 2701 941 2776 Seiani
961 2705 1110 2784 nomine
1217 2777 1224 2786 ,

148 2815 352 2920 ,Narcissum
362 2815 1110 2912 perstringere,coniectureeetCennegiete·
1169 2889 1173 2896 ,

155 2924 193 2996 ri.
207 2923 291 2996 Nun
303 2925 401 2998 enirn
416 2925 715 3020 opportuniorem
727 2925 906 3010 licentiae,
923 2947 1031 3015 quarn
1042 2922 1109 2993 sibi

156 3039 280 3108 sumsit
296 3036 496 3124 Phaedrus,
510 3039 633 3108 locum
652 3035 775 3123 luisse,
795 3060 905 3130 quarn
918 3035 987 3106 sub
998 3036 1111 3128 impe·

156 3147 460 3238 retoreClaudio,
475 3147 575 3221 cuius
587 3147 780 3221 stoliditate
792 3146 1011 3244 etuparientir
1028 3147 1109 3238 pln-

156 3284 227 3354 res,
249 3258 382 3332 inlocis
395 3255 947 3352 etiamsspublicieatqueinforo,
968 3257 1109 3326 sintab-

158 3370 207 3438 usi
222 3392 258 3438 re
265 3365 396 3460 pariter
408 3389 449 3438 ac
461 3364 577 3436 verbis
590 3363 728 3450 iniurii;
744 3375 757 3413 ¹
776 3361 930 3436 fabulam
944 3363 988 3434 de
999 3367 1110 3462 sigilio

156 3493 259 3574 rege,
283 3475 506 3564 contumeliis
518 3473 728 3568 inquinato,
744 3473 829 3544 huic
842 3475 1045 3568 imperatori
1060 3497 1111 3546 es·
1174 3472 1178 3482 ’
1211 3553 1214 3562 ,

155 3611 191 3656 se
209 3585 438 3678 aptissimam
462 3585 653 3662 convenire
670 3583 775 3652 etiam
792 3586 946 3675 tempori
972 3585 1055 3654 huic
1069 3584 1111 3654 li·

154 3694 375 3764 bertinorum
396 3694 606 3785 potentiam·
634 3692 733 3766 Nam
749 3691 976 3790 Eutychum,
1001 3695 1115 3784 Parti·

195 3827 206 3864 r
224 3813 341 3879 Exempla
355 3813 425 3868 dubit
437 3814 577 3871 Suetonius
586 3813 614 3866 in
623 3813 747 3870 curu-e.
757 3827 794 3878 ις·
806 3851 810 3855 -

820 4057 832 4090 ἱ
